2872 3892
1032 1049 1475 1130 TABULA.

433 1411 475 1453 1.
508 1405 655 1454 Carta
682 1405 932 1454 Doneeani
956 1407 1147 1454 comitis
1169 1407 1230 1455 de
1253 1408 1453 1458 Carriek
1476 1410 1537 1457 de
1561 1410 1713 1458 tribus
1736 1411 1940 1459 marchis
1962 1415 2148 1475 argenti

363 1498 422 1544 de
446 1503 574 1545 terra
596 1497 657 1544 de
680 1497 961 1545 Barrebeth.
1034 1497 1174 1561 [ante
1198 1513 1295 1546 Aa).
1326 1497 1492 1564 1200]

520 1593 696 1646 Original
714 1598 756 1634 at
772 1594 976 1635 Panmure.
1031 1595 1113 1635 The
1131 1596 1323 1649 fragment
1341 1598 1384 1637 of
1404 1612 1429 1637 a
1446 1598 1524 1638 seal
1543 1599 1585 1637 of
1606 1599 1721 1639 white
1735 1613 1824 1639 wax
1837 1601 2011 1647 remaina
2027 1600 2150 1640 show-

466 1665 534 1716 ing
547 1665 611 1705 the
629 1664 726 1704 head
748 1665 825 1705 and
844 1666 948 1718 wing
964 1667 1007 1706 of
1025 1680 1049 1706 a
1066 1667 1193 1719 griffin
1207 1682 1220 1714 ;
1248 1669 1479 1720 apparently
1496 1668 1561 1708 the
1580 1682 1682 1708 same
1701 1669 1795 1708 with
1814 1670 1878 1709 the
1904 1670 1982 1709 seal
2007 1670 2152 1722 figured

467 1735 507 1774 in
535 1738 561 1758 “
579 1734 696 1776 Liber
713 1735 761 1776 de
778 1737 961 1777 Melros.''
1016 1736 1078 1777 Pl.
1095 1749 1187 1777 vm.
1208 1738 1273 1789 fig.
1292 1743 1328 1778 5.

428 1869 471 1911 2.
509 1864 656 1913 Carta
671 1866 704 1913 J
707 1866 882 1914 oeelini
907 1865 1133 1929 Episcopi
1153 1867 1464 1930 Glasguensis
1483 1869 1544 1915 de
1562 1869 1762 1915 ecelesia
1780 1868 1839 1915 de
1858 1867 2150 1915 Kirkebride

361 1955 421 2004 de
444 1956 625 2020 Lat-ges
648 1958 708 2006 ad
731 1959 1018 2020 petitionem
1039 1958 1219 2022 Rogeri
1244 1959 1304 2006 (16
1331 1956 1598 2006 Sealebroe.
1662 1957 1729 2021 [a.
1759 1957 1926 2019 1199]

522 2046 697 2099 Original
725 2052 765 2086 at
794 2047 998 2087 Panmure.
1053 2048 1134 2088 The
1163 2048 1338 2100 Bishop's
1375 2048 1453 2087 seal
1481 2048 1644 2087 remains
1684 2048 1818 2100 nearly
1850 2049 1983 2096 entire,
2015 2062 2057 2087 as
2084 2062 2151 2087 en-

466 2117 610 2168 graved
625 2118 664 2156 in
684 2118 749 2157 the
770 2118 965 2170 Registers
984 2118 1026 2157 of
1041 2118 1224 2170 Glasgow
1244 2118 1321 2158 and
1338 2118 1494 2159 Melros.

429 2230 472 2271 3.
510 2224 803 2274 Duneoanus
845 2226 939 2273 Dei
981 2226 1151 2274 Gratia
1191 2241 1351 2273 comes
1389 2227 1449 2273 de
1487 2226 1571 2272 Fif
1604 2226 1854 2272 confirmat
1890 2231 2065 2272 terram
2090 2226 2149 2272 de

364 2314 775 2365 Gilleoamestone
816 2333 960 2379 quam
1001 2332 1161 2364 eomes
1203 2316 1497 2364 Dunecanus
1534 2322 1671 2379 pater
1694 2317 1922 2371 dederat3
1962 2332 2149 2363 necnon

360 2415 511 2456 terras
547 2409 607 2455 de
643 2407 935 2470 Matheryve
970 2414 1021 2454 et
1056 2406 1340 2462 Adhernin;
1382 2408 1477 2455 duo
1514 2407 1768 2468 hospitalia
1798 2408 1946 2468 juxta
1983 2413 2149 2469 portus

360 2499 618 2547 australem
659 2506 710 2547 et
756 2499 1078 2561 aquilonalem
1121 2499 1381 2555 transitus;
1427 2505 1478 2546 et
1523 2499 1731 2546 decimas
1771 2499 1830 2545 de
1868 2499 2008 2545 domo
2049 2514 2146 2545 sua.

388 2608 428 2639 a.
453 2595 592 2644 1177.

362 2592 384 2654 [
520 2590 696 2734 original
715 2682 754 2720 in
773 2682 838 2721 the
857 2680 1065 2733 possession
1084 2679 1127 2719 of
1140 2679 1218 2718 ΜΓ.
1233 2678 1279 2718 Ο.
1299 2678 1427 2718 Innes.
1483 2676 1564 2717 The
1583 2677 1660 2716 seal
1677 2676 1710 2715 is
1723 2690 1832 2729 gone.

426 2783 472 2826 4.
508 2778 743 2827 Ricardus
767 2779 1016 2840 episcopus
1036 2776 1086 2824 S.
1106 2775 1305 2824 Andree
1323 2774 1575 2824 confirmat
1593 2773 1874 2820 donationes
1894 2772 2144 2820 Dunecani

357 2871 560 2918 Comitis
584 2871 782 2918 senioris
805 2875 855 2916 et
871 2869 1087 2931 junioris.
1183 2866 1248 2931 [a.
1278 2863 1446 2927 1177]

518 2977 691 3028 Original
711 2976 751 3015 in
770 2976 834 3017 the
853 2975 1061 3028 possession
1080 2974 1122 3014 of
1135 2974 1213 3014 Mr.
1232 2972 1376 3025 Joseph
1395 2971 1532 3021 Paton,
1553 2971 1830 3011 Dunfermline.
