2872 3892
0 3855 6 3880 ν*
0 3810 4 3828 -
0 3787 11 3806 κ.
0 3674 17 3762 *3333ss
0 3634 14 3670 «ρ
0 3529 16 3631 ,,ς)»ι.’,,
0 3516 10 3522 .·
3 3507 9 3510 2
0 3349 14 3502 *au-“vu—
1 3332 10 3344 ‹.
0 3301 7 3324 v
3 3293 5 3297 -

1066 379 1364 430 TABULA.
1990 404 2122 436 xxxv
2144 414 2151 422 ·

332 529 391 560 eo
413 512 782 560 decernendum.
837 510 1035 558 Proviso
1058 526 1120 558 ne
1143 513 1194 558 in
1217 518 1368 560 terras
1385 514 1502 562 dicti
1527 515 1586 562 R.
1610 517 1852 565 interdicti
1877 522 2116 567 sententia

329 604 598 666 proferatur
620 604 724 650 sine
743 603 975 658 ‚mandato
999 602 1211 665 speciali.

389 699 466 742 33.
503 693 714 740 Domina
741 692 944 741 Alisona
979 692 1146 740 Hume
1175 694 1397 755 priorissa
1427 698 1680 744 constituit
1702 706 2030 760 procuratores
2055 703 2115 747 ad

326 785 668 848 resignandum
720 785 983 845 prioratum
1029 785 1080 830 in
1117 785 1338 832 manibus
1379 785 1511 848 Pape
1550 789 1601 834 in
1647 789 1859 836 favorem
1907 791 2113 852 dompne

327 875 534 923 Isabelle
568 874 735 922 Hume
769 875 1014 922 monialis:
1086 874 1146 922 In
1181 876 1366 938 capella
1399 877 1451 924 S.
1477 877 1713 927 Johannis
1749 881 1969 943 Baptiste
1992 884 2116 930 infra

325 967 576 1014 ecclesiam
601 966 989 1014 monasterialem
1013 967 1073 1013 de
1098 966 1444 1014 Northberwik
1467 969 1685 1017 Januarii
1714 975 1754 1026 4,
1784 977 1927 1019 1524.

490 1057 667 1109 Original
686 1057 727 1095 in
746 1057 811 1096 the
831 1057 1001 1096 General
1021 1056 1201 1108 Register
1219 1057 1365 1096 House.

391 1157 469 1201 34.
496 1153 722 1200 Clemens
742 1153 863 1201 VII.
889 1153 1022 1215 Papa
1041 1154 1124 1200 dat
1141 1154 1423 1200 mandatum
1443 1156 1502 1202 ad
1520 1157 1838 1204 inducendam
1858 1159 2113 1206 Isabellam

322 1245 488 1292 Hume
526 1247 586 1293 ad
625 1246 975 1301 Priorissatum,
1013 1250 1206 1306 recepto
1244 1245 1521 1306 juramento
1557 1249 1703 1308 Juxta
1734 1249 1933 1297 formam
1969 1253 2115 1297 intro-

321 1333 502 1383 clusam
529 1339 558 1381 4
581 1351 731 1383 nonas
756 1335 893 1391 Maii,
925 1338 1067 1382 1525.

483 1426 659 1478 Original
677 1427 717 1465 in
737 1427 802 1466 the
822 1426 991 1465 General
1011 1427 1188 1478 Register
1207 1427 1352 1467 House.

389 1528 466 1570 35.
505 1524 682 1570 Forma
697 1524 963 1585 juramenti
987 1524 1192 1584 predicti
1217 1526 1266 1571 in
1283 1527 1510 1572 mandato
1534 1527 1691 1588 papali
1716 1528 1987 1576 introclusa.

481 1613 657 1665 Original
676 1613 715 1651 in
735 1613 800 1652 the
821 1612 989 1651 General
1010 1612 1188 1664 Register
1205 1613 1352 1653 House.

386 1714 464 1760 36.
503 1711 889 1758 Instrumentum
927 1726 1070 1774 super
1092 1711 1368 1758 obedientia
1391 1728 1418 1758 a
1442 1711 1728 1759 monialibus
1762 1716 1963 1774 prestita
1995 1715 2111 1762 Esa-

316 1802 444 1850 belle
463 1802 670 1849 Howme
686 1803 922 1863 priorisse,
942 1804 993 1849 in
1017 1803 1122 1850 loco
1139 1803 1391 1864 capitulari
1415 1805 1705 1858 monasterii,
1728 1808 1788 1854 29
1814 1804 2107 1861 Decembris,

322 1900 340 1939 l
352 1898 411 1940 52
420 1895 461 1941 6.

478 1976 653 2028 Original
674 1976 714 2014 in
733 1976 797 2015 the
818 1975 987 2016 General
1007 1975 1186 2027 Register
1206 1976 1351 2014 House.

384 2079 460 2126 37.
497 2074 723 2121 Clemens
749 2074 871 2122 VII.
901 2075 1034 2136 Papa
1069 2075 1321 2121 confirmat
1340 2074 1650 2120 donationem
1675 2090 1818 2135 quam
1843 2076 2105 2138 Episcopus

316 2167 364 2214 S.
392 2166 589 2214 Andree
629 2167 810 2213 fecerat
852 2164 1142 2213 monialibus
1185 2165 1404 2226 (pensata
1442 2167 1719 2211 monasterii
1756 2172 1806 2212 et
1835 2151 2103 2227 prediorum

316 2260 530 2320 ejusdem
565 2259 819 2318 frequente
844 2259 1176 2304 devastatione
1211 2261 1407 2317 propter
1439 2271 1646 2317 guerras,
1671 2272 1724 2302 ac
1761 2258 1959 2303 ecclesie
1984 2261 2105 2320 ejus-

316 2351 425 2397 dem
461 2351 739 2397 monasterii
775 2365 860 2410 per
892 2349 1118 2396 hostilem
1143 2348 1325 2394 rabiem
1350 2326 1647 2393 lamentabili
1671 2348 2018 2405 combustione)
2045 2351 2102 2395 de

315 2440 491 2488 vicaria
525 2447 757 2502 perpetua
792 2441 995 2487 ecclesie
1031 2440 1090 2486 de
1127 2438 1502 2498 Northberwyk,
1527 2439 1577 2483 in
1611 2439 1824 2498 proprios
1847 2454 1972 2494 usus,
1997 2456 2103 2500 pro-

314 2535 414 2579 viso
430 2534 556 2594 quod
577 2533 878 2594 capellanum
902 2532 1259 2592 pensionarium
1278 2534 1611 2590 presentarent
1628 2530 1708 2588 qui
1725 2545 1886 2575 curam
1904 2530 2101 2577 haberet

314 2626 596 2671 animarum.
671 2628 728 2670 12
754 2623 986 2670 kalendas
1011 2621 1196 2674 Martii,
1223 2635 1349 2666 anno
1373 2619 1679 2679 pontificatus
1705 2620 1746 2673 6,
1777 2616 1964 2682 [1529]

477 2714 654 2765 Original
673 2714 714 2751 in
733 2714 798 2752 the
817 2712 986 2752 General
1005 2710 1182 2762 Register
1201 2709 1344 2747 House.

382 2814 460 2857 38.
510 2809 690 2856 Paulus
737 2808 832 2854 III.
882 2807 1014 2868 Papa
1053 2806 1240 2852 confert
1287 2804 1564 2865 Margarete
1614 2803 1791 2858 vam‚
1839 2806 2098 2865 prioratum

314 2908 565 2949 vacantem
616 2916 701 2961 per
745 2899 1118 2961 resignationem
1167 2894 1396 2942 Ysobelle
1445 2894 1609 2940 vam
1663 2911 1815 2957 nuper
1865 2897 2097 2956 priorisse.

317 2998 343 3040 5
369 2993 599 3039 kalendas
626 2992 761 3045 Maii,
792 2993 934 3037 1544.
