3016 3984
835 430 896 474 38
953 460 959 467 .
1374 421 1600 472 cAR'rE
1634 419 2064 470 MoNlAmUM
2710 391 2749 427 ⁴*

818 557 946 605 -dio‘c'
975 566 997 605 l
1028 554 1097 618 qd
1127 554 1322 603 Nobilis
1359 555 1431 602 vir
1466 553 1710 602 Robertus
1747 552 1928 601 Laudir
1965 552 2187 600 dominus
2222 549 2386 600 Insule
2421 552 2484 601 de
2515 551 2614 601 Bas

835 645 964 696 dicte
997 645 1107 694 dioc
1141 659 1158 694 s
1192 650 1422 708 pretextu
1453 644 1697 706 quandam
1730 643 1930 700 litteram
1963 640 2156 705 aplican
2182 655 2200 692 s
2219 641 2528 705 surreptitia‘u
2560 649 2614 691 et

836 737 1138 800 obreptician
1157 749 1174 784 s
1200 735 1252 782 in
1285 736 1554 798 preiudiciii
1589 730 1809 782 Prioriss'e
1842 738 1895 780 et
1927 731 2210 781 conuentus
2243 748 2300 781 ac
2331 731 2614 795 monasterii

835 828 1086 890 prediamp
1099 840 1117 875 s
1133 826 1373 888 quandam
1389 825 1735 888 parrochialem
1752 823 1955 872 ecciiam
1970 824 2096 872 infra
2111 823 2293 872 limites
2307 823 2616 887 parrochialis

837 917 988 966 ecciie
1013 917 1177 964 Sanffi
1201 914 1399 963 Andree
1423 915 1483 962 de
1515 914 1789 962 Norberuic
1812 914 1939 962 diae
1961 914 2070 962 dioc
2088 926 2106 963 l
2127 915 2286 962 eidem
2319 913 2616 970 monasterio

838 1007 1068 1055 canonice
1090 1006 1228 1052 unite
1247 1017 1264 1052 s
1286 1005 1470 1067 erigere
1483 1017 1501 1052 s
1517 1004 1684 1066 illique
1701 1003 1929 1066 quosdam
1945 1006 2281 1068 parrochianos
2299 1010 2350 1054 et
2373 1006 2583 1054 decimas
2602 1018 2618 1052 s

840 1096 1050 1145 eiusdem
1084 1095 1234 1144 ecclic
1279 1094 1444 1142 Sanffi
1480 1094 1679 1143 Andree
1714 1107 1732 1143 s
1766 1095 2006 1158 applicare
2045 1096 2221 1143 nititur
2253 1097 2413 1144 minus
2448 1082 2572 1144 iuste
2601 1110 2618 1144 s

840 1187 1004 1250 Ideoqs
1037 1185 1313 1233 discrecioni
1349 1189 1435 1233 iire
1471 1201 1558 1247 per
1592 1183 1747 1248 aplica
1789 1183 1965 1248 scripta
2007 1187 2292 1234 mandamus
2331 1199 2349 1235 s
2391 1164 2640 1248 quatinus·

840 1280 1025 1330 uocatis
1060 1279 1142 1339 qui
1177 1278 1358 1325 fuerint
1392 1277 1626 1324 euocandi
1668 1290 1685 1325 s
1729 1282 1780 1324 et
1814 1277 1991 1325 auditis
2024 1276 2138 1323 hinc
2176 1276 2290 1324 inde
2334 1273 2585 1339 propofitis
2603 1290 2621 1326 l

840 1370 968 1432 quod
1004 1367 1183 1416 iustum
1217 1368 1364 1415 fuerit
1401 1380 1417 1415 l
1456 1367 1779 1429 appellatione
1814 1371 2003 1414 remota
2037 1367 2304 1414 decernatis
2335 1379 2353 1415 l
2390 1367 2621 1415 facientes

840 1461 968 1522 quod
993 1460 1337 1530 decreueritiss
1360 1474 1446 1521 per
1479 1456 1728 1506 censuram
1762 1455 2081 1506 eccliasticam
2115 1457 2318 1505 firmiter
2350 1451 2588 1506 obseruari
2606 1471 2623 1506 s

842 1549 1038 1597 Prouist»
1061 1565 1124 1597 ne
1147 1550 1199 1596 in
1228 1548 1442 1597 Insulam
1475 1549 1738 1610 predi&am
1757 1562 1774 1597 s
1795 1555 1881 1597 aut
1914 1549 2031 1597 alias
2063 1549 2232 1597 Terras
2266 1550 2379 1596 diffi
2414 1549 2623 1597 nobiliss

841 1639 1129 1688 auetoritate
1162 1638 1458 1702 presentium
1494 1639 1739 1686 interdiffl
1770 1638 2017 1688 sentencia
2047 1641 2300 1703 proferatis
2323 1654 2340 1689 s
2366 1639 2454 1688 nifi
2485 1638 2623 1703 super

841 1731 932 1777 hoc
957 1746 986 1777 a
1007 1730 1146 1777 nobis
1167 1730 1401 1777 mandatu
1424 1729 1701 1791 receperitis
1732 1727 1936 1792 speciale
1955 1744 1972 1780 s
1993 1730 2157 1779 Testes
2188 1735 2302 1779 aute
2329 1733 2411 1792 qui
2443 1731 2624 1779 fuerint

842 1823 1079 1869 nominati
1100 1834 1116 1869 s
1137 1819 1169 1867 fi
1196 1819 1244 1868 se
1262 1821 1422 1884 gracia
1439 1821 1548 1867 odio
1566 1821 1646 1867 uel
1664 1821 1837 1869 timore
1859 1819 2184 1870 subtraxerint
2197 1835 2214 1870 s
2230 1821 2430 1870 censura
2449 1819 2589 1869 fimili
2610 1835 2625 1870 s

845 1912 1168 1974 appellatione
1200 1908 1408 1959 ceffante
1443 1911 1742 1974 compellatis
1761 1925 1778 1960 s
1799 1913 1995 1960 ueritati
2030 1910 2308 1960 testimonifi
2342 1913 2591 1974 perhibere
2610 1926 2626 1959 s

847 2001 929 2059 Qd
951 2000 987 2050 fi
1010 2018 1109 2049 non
1132 2002 1272 2049 ambo
1295 2002 1388 2063 hijs
1413 2003 1708 2063 exequendis
1730 2004 1985 2065 potueritis
2008 2001 2231 2050 interesse
2251 2015 2267 2050 l
2288 2002 2412 2050 alter
2438 2003 2545 2050 ufm
2569 2019 2627 2050 ea

847 2093 1187 2158 nichilominus
1212 2098 1480 2154 exequatur
1501 2118 1513 2130 ·
1539 2092 1638 2141 Dat
1662 2093 1819 2141 Rome
1853 2094 1981 2155 apud
2010 2093 2240 2141 San8cum
2262 2098 2454 2154 petrum
2479 2093 2626 2140 Anno

849 2184 1203 2232 Incarnacionis
1249 2184 1489 2231 dominice
1529 2183 1777 2234 millesimo
1823 2182 2288 2247 quadringentesimo
2322 2180 2626 2246 nonagesimo

850 2276 993 2322 tertio
1017 2275 1190 2326 Quinto
1215 2271 1278 2320 Id
1299 2274 1419 2336 maij
1446 2273 1762 2322 Pontificatus
1786 2273 1860 2321 firi
1883 2274 2031 2321 Anno
2054 2275 2208 2336 primo
2231 2299 2243 2310 ·

851 2548 1231 2597 Instrumentum
1256 2543 1584 2609 resignationis
1609 2546 1801 2594 domine
1824 2543 2023 2594 Alisone
2046 2545 2209 2594 Home
2233 2573 2243 2584 ·

759 2738 837 2781 33.
856 2731 917 2778 In
941 2731 1036 2778 Dei
1059 2733 1223 2777 nomie
1253 2728 1418 2776 Amen
1442 2755 1453 2766 ·
1479 2727 1574 2775 Per
1606 2727 1698 2774 hoc
1730 2726 1825 2790 fms
1858 2727 2023 2789 pubcfi
2057 2724 2225 2774 instfm
2253 2726 2437 2778 Οιιῃᾶιθ
2468 2734 2632 2790 pateat

856 2823 1111 2869 euidenter
1139 2819 1207 2882 qd
1242 2836 1369 2868 anno
1399 2818 1634 2867 incarna²s
1665 2816 1809 2865 dnice
1841 2815 1976 2864 scdm
2009 2815 2125 2864 curs
2123 2822 2157 2864 ii
2191 2823 2242 2865 et
2276 2819 2633 2880 computatione

857 2912 1009 2960 ecclic
1031 2911 1270 2959 scoticane
1293 2908 1546 2958 millefimo
1569 2906 1918 2972 qngentcfimo
1941 2905 2162 2956 vicesimo
2186 2914 2356 2970 quarto
2377 2907 2486 2956 mess
2517 2925 2633 2956 uero

857 3003 890 3051 J
892 3003 1072 3065 anuarij
1099 3003 1176 3050 die
1199 3007 1370 3063 quarto
1393 3001 1656 3048 indiffione
1673 2999 1861 3047 decima
1876 3000 2023 3047 tertia
2037 2999 2346 3062 pontificatus
2362 2997 2633 3047 sanaiffimi
