3016 3984
235 649 312 694 23.

233 1729 309 1772 24.

335 429 641 496 APPEND1x.]
711 429 1246 481 TRANSAOTIONS
1280 431 1362 478 IN
1395 431 1535 480 THE
1569 431 1830 482 BURGH.
2049 435 2108 481 65

330 650 454 717 Any.
508 656 583 708 10,
633 654 758 701 1545
813 677 826 691 ·
876 650 1084 700 'Thomas
1126 650 1293 716 Storye
1334 651 1556 717 buryenfis
1599 653 1655 700 de
1697 651 2109 716 Northberwylc.—

331 740 653 790 Personaliter
674 739 963 790 constitutus
984 742 1191 789 Thomas
1214 740 1357 789 Stere
1380 739 1626 806 burgensis
1653 742 1792 804 burgi
1816 743 1876 790 de
1901 742 2108 789 Northt-

330 831 527 893 berwyk
550 832 709 879 animo
733 832 988 879 obediendi
1011 832 1467 893 proclamationibus
1485 833 1703 895 supreme
1731 833 1925 880 domine
1947 831 2106 880 nostre

330 921 516 984 Regine
547 927 715 969 contra
748 926 799 968 et
833 919 1058 968 aduersus
1098 929 1285 970 veteres
1319 922 1500 986 Anglie
1534 924 1752 970 inimicos
1786 923 1947 969 omnia
1979 923 2107 970 bona

327 1010 411 1058 sua
442 1010 640 1058 mobilia
673 1017 724 1058 et
759 1010 1025 1058 immobilia
1056 1012 1190 1060 dedit
1227 1019 1278 1061 et
1316 1015 1512 1075 reliquit
1553 1012 1634 1061 sue
1674 1010 1905 1061 eariffime
1939 1012 2104 1074 sponse

327 1100 527 1148 Alisone
573 1099 886 1148 Richartsone
932 1106 983 1148 et
1028 1102 1212 1150 Thome
1258 1103 1431 1167 Storye
1477 1106 1579 1152 eius
1618 1104 1726 1166 filio
1761 1109 1810 1150 et
1857 1104 2105 1164 apparenti

327 1193 492 1239 heredi
525 1193 596 1240 ita
629 1192 755 1253 quod
788 1192 951 1239 nullus
984 1193 1245 1240 amicorum
1273 1199 1358 1240 aut
1381 1194 1838 1256 consanguineorum
1861 1194 2104 1255 progeniei

329 1283 444 1331 dicti
465 1283 649 1330 Thome
671 1281 893 1330 interesse
917 1284 976 1330 de
1001 1283 1177 1330 eisdem
1200 1284 1337 1330 bonis
1361 1285 1537 1331 habere
1572 1283 1847 1346 presumant
1871 1311 1882 1321 ·
1912 1284 1988 1346 [et
2011 1282 2099 1344 ne]

326 1373 612 1434 perturbent
634 1389 724 1421 nec
747 1374 1021 1434 inquietent
1057 1373 1185 1421 dicte
1219 1372 1419 1421 Alisone
1442 1373 1606 1436 sponse
1629 1375 1803 1436 prefati
1834 1374 2017 1421 Thome
2053 1380 2103 1420 et

331 1461 564 1525 [Thome]
591 1463 691 1509 filio
725 1467 776 1510 et
798 1463 964 1509 heredi
999 1464 1161 1525 vigore
1194 1462 1425 1525 presentis
1448 1463 1754 1512 instrumenti
1779 1466 1973 1512 omnino
1996 1480 2103 1526 pro-

328 1553 486 1600 hibuit
506 1580 516 1590 ·

326 1733 439 1782 Jan.
482 1738 524 1789 9,
564 1737 689 1781 1548
727 1762 738 1772 ·
774 1733 850 1781 De
882 1733 1098 1782 ablatione
1131 1735 1378 1782 communis
1403 1734 1556 1802 styma·
1590 1734 2103 1782 convenam—Person-

326 1826 467 1873 aliter
501 1824 760 1872 constitute
799 1823 1016 1887 religiose
1049 1826 1274 1872 mulieres
1307 1827 1394 1872 viz.
1428 1827 1621 1872 domina
1655 1824 1860 1872 Isobella
1879 1824 2100 1876 ‚Howme

325 1916 440 1963 olim
474 1913 682 1977 priorissa
715 1916 774 1961 de
810 1915 1170 1976 Northberwyk
1211 1916 1404 1963 domina
1444 1915 1658 1963 Mariota
1697 1916 1868 1977 Ballye
1909 1917 2101 1964 domina

323 2006 642 2067 Elezabeytht
665 2005 902 2051 Trumbill
926 2006 1118 2051 domina
1142 2005 1408 2053 Elezabeht
1428 2006 1648 2053 Pantone
1672 2007 1865 2052 domina
1890 2006 2100 2053 Mariota

323 2097 529 2143 Howme
561 2097 754 2142 domina
788 2095 941 2141 Elone
974 2094 1146 2142 Schaw
1179 2095 1457 2158 Margareta
1492 2095 1697 2142 Sinclair
1730 2093 1917 2157 Agness
1952 2096 2101 2142 Gled-

318 2185 476 2234 stanes
516 2186 672 2233 Elena
710 2185 928 2247 Derlyng
963 2183 1130 2247 Agnes
1172 2185 1379 2246 Ramsay
1418 2184 1617 2233 Alisona
1658 2186 1878 2232 Pantone
1917 2186 2096 2234 Joneta

320 2277 594 2339 Creychton
635 2275 912 2337 Mergareta
951 2273 1258 2321 Donaldsone
1299 2274 1578 2337 Mergareta
1612 2275 1859 2322 Crawfurd
1894 2275 2097 2324 Isobella

320 2368 518 2414 Renton
551 2366 583 2412 J
587 2372 731 2412 oneta
760 2364 939 2412 Towris
963 2380 1129 2411 omnes
1152 2380 1246 2410 vna
1271 2380 1385 2411 voce
1420 2366 1810 2412 lamentabantur
1844 2367 1923 2411 vbi
1958 2373 2094 2413 erant

318 2460 369 2505 in
394 2473 558 2504 earum
582 2455 791 2517 capitulo
815 2454 1127 2516 personaliter
1150 2462 1435 2516 congregate
1454 2455 1679 2500 dixerunt
1699 2461 1748 2501 et
1767 2455 2094 2517 allegaverunt

319 2565 374 2596 ac
412 2547 574 2593 literas
611 2545 897 2607 gravaminis
934 2544 1080 2590 michi
1123 2544 1311 2590 notario
1345 2541 1738 2604 presentaverunt
1773 2545 1851 2590 vbi
1887 2545 2011 2592 clam
2045 2552 2094 2593 et

318 2639 495 2686 furtive
540 2634 793 2682 indiscrete
838 2633 1036 2696 persone
1082 2648 1285 2694 quorum
1330 2633 1526 2679 nomina
1570 2634 1763 2693 penitus
1814 2635 2094 2696 ignorantur

318 2726 491 2777 iniuste
515 2725 812 2774 abstulerunt
836 2739 1090 2771 commune
1121 2721 1328 2785 figillum
1364 2724 1477 2770 disti
1508 2721 1778 2784 monasterij
1804 2724 1863 2770 de
1888 2724 2093 2772 Northt-

318 2819 515 2880 berwyk
537 2819 588 2863 in
609 2831 774 2863 earum
804 2820 854 2860 et
877 2815 989 2860 dieti
1012 2811 1283 2860 monasterii
1306 2813 1622 2875 preiudicium
1646 2839 1657 2850 ·
1681 2819 1934 2875 propterea
1968 2816 2091 2862 diste

317 2908 549 2956 moniales
580 2903 840 2968 protestate
873 2901 984 2950 sunt
1018 2904 1143 2964 quod
1180 2902 1353 2950 iniuste
1387 2903 1565 2949 ablatio
1599 2902 1694 2950 illis
1721 2900 1859 2966 figilli
1890 2919 1988 2951 non
2022 2907 2090 2953 eis

319 3008 403 3050 aut
427 3015 589 3048 earum
612 2994 897 3044 monasterio
920 2995 1235 3056 preiudicium
1257 2998 1542 3056 generaret.-

1201 3097 1217 3130 1
