<?xml version="1.0" encoding="UTF-8"?>
<!DOCTYPE html PUBLIC "-//W3C//DTD XHTML 1.0 Transitional//EN"
    "http://www.w3.org/TR/xhtml1/DTD/xhtml1-transitional.dtd">
<html xmlns="http://www.w3.org/1999/xhtml" xml:lang="en" lang="en">
 <head>
  <title>
</title>
<meta http-equiv="Content-Type" content="text/html;charset=utf-8" />
  <meta name='ocr-system' content='tesseract 3.04.00' />
  <meta name='ocr-capabilities' content='ocr_page ocr_carea ocr_par ocr_line ocrx_word'/>
</head>
<body>
  <div class='ocr_page' id='page_1' title='image "./cartemonialiumde00nortuoft_0099.png"; bbox 0 0 3016 3984; ppageno 0'>
   <div class='ocr_carea' id='block_1_1' title="bbox 954 409 2180 463">
    <p class='ocr_par' dir='ltr' id='par_1_1' title="bbox 954 409 2180 463">
     <span class='ocr_line' id='line_1_1' title="bbox 954 409 2180 463; baseline 0.005 -6"><span class='ocrx_word' id='word_1_1' title='bbox 954 409 1048 457; x_wconf 90' lang='lat' dir='ltr'>DE</span> <span class='ocrx_word' id='word_1_2' title='bbox 1084 409 1624 461; x_wconf 85' lang='lat' dir='ltr'>NORTHBERWIC.</span> <span class='ocrx_word' id='word_1_3' title='bbox 2120 419 2180 463; x_wconf 88' lang='lat'>45</span> 
     </span>
    </p>
   </div>
   <div class='ocr_carea' id='block_1_2' title="bbox 399 632 886 680">
    <p class='ocr_par' dir='ltr' id='par_1_2' title="bbox 399 632 886 680">
     <span class='ocr_line' id='line_1_2' title="bbox 399 632 886 680; baseline 0 -2"><span class='ocrx_word' id='word_1_4' title='bbox 399 632 573 680; x_wconf 88' lang='lat' dir='ltr'>Forma</span> <span class='ocrx_word' id='word_1_5' title='bbox 595 632 851 678; x_wconf 89' lang='lat' dir='ltr'>iuramenti</span> <span class='ocrx_word' id='word_1_6' title='bbox 873 658 886 670; x_wconf 85' lang='lat'><strong>·</strong></span> 
     </span>
    </p>
   </div>
   <div class='ocr_carea' id='block_1_3' title="bbox 302 811 2179 880">
    <p class='ocr_par' dir='ltr' id='par_1_3' title="bbox 302 811 2179 880">
     <span class='ocr_line' id='line_1_3' title="bbox 302 811 2179 880; baseline 0.003 -21"><span class='ocrx_word' id='word_1_7' title='bbox 302 811 381 856; x_wconf 84' lang='lat'>35·</span> <span class='ocrx_word' id='word_1_8' title='bbox 400 811 504 876; x_wconf 89' lang='lat' dir='ltr'>Ego</span> <span class='ocrx_word' id='word_1_9' title='bbox 536 812 742 861; x_wconf 90' lang='lat' dir='ltr'>Isabella</span> <span class='ocrx_word' id='word_1_10' title='bbox 772 812 920 860; x_wconf 86' lang='lat' dir='ltr'>me</span> <span class='ocrx_word' id='word_1_11' title='bbox 944 812 1166 861; x_wconf 85' lang='lat' dir='ltr'>Priorifl&#39;a</span> <span class='ocrx_word' id='word_1_12' title='bbox 1198 813 1478 877; x_wconf 72' lang='lat' dir='ltr'>monaster-ij</span> <span class='ocrx_word' id='word_1_13' title='bbox 1508 831 1595 878; x_wconf 89' lang='lat' dir='ltr'>per</span> <span class='ocrx_word' id='word_1_14' title='bbox 1627 813 1889 878; x_wconf 77' lang='lat' dir='ltr'>priorissam</span> <span class='ocrx_word' id='word_1_15' title='bbox 1922 818 2179 880; x_wconf 90' lang='lat' dir='ltr'>gubernari</span> 
     </span>
    </p>
   </div>
   <div class='ocr_carea' id='block_1_4' title="bbox 290 2278 367 2325">
    <p class='ocr_par' dir='ltr' id='par_1_4' title="bbox 290 2278 367 2325">
     <span class='ocr_line' id='line_1_4' title="bbox 290 2278 367 2325; baseline 0.026 -2"><span class='ocrx_word' id='word_1_16' title='bbox 290 2278 367 2325; x_wconf 83' lang='lat'>36.</span> 
     </span>
    </p>
   </div>
   <div class='ocr_carea' id='block_1_5' title="bbox 387 902 2179 1876">
    <p class='ocr_par' dir='ltr' id='par_1_5' title="bbox 387 902 2179 1876">
     <span class='ocr_line' id='line_1_5' title="bbox 396 902 2178 956; baseline 0.004 -7"><span class='ocrx_word' id='word_1_17' title='bbox 396 902 523 951; x_wconf 84' lang='lat' dir='ltr'>soliti</span> <span class='ocrx_word' id='word_1_18' title='bbox 565 904 627 951; x_wconf 91' lang='lat' dir='ltr'>de</span> <span class='ocrx_word' id='word_1_19' title='bbox 665 903 1013 950; x_wconf 90' lang='lat' dir='ltr'>Northberwik</span> <span class='ocrx_word' id='word_1_20' title='bbox 1054 902 1318 953; x_wconf 75' lang='lat' dir='ltr'>Cisterciefi</span> <span class='ocrx_word' id='word_1_21' title='bbox 1349 907 1527 954; x_wconf 88' lang='lat' dir='ltr'>ordinis</span> <span class='ocrx_word' id='word_1_22' title='bbox 1562 905 1727 954; x_wconf 64' lang='lat' dir='ltr'>sanai</span> <span class='ocrx_word' id='word_1_23' title='bbox 1767 908 1944 955; x_wconf 83' lang='lat' dir='ltr'>andree</span> <span class='ocrx_word' id='word_1_24' title='bbox 1980 909 2088 955; x_wconf 70' lang='lat' dir='ltr'>dioc</span> <span class='ocrx_word' id='word_1_25' title='bbox 2117 908 2178 956; x_wconf 91' lang='lat' dir='ltr'>ab</span> 
     </span>
     <span class='ocr_line' id='line_1_6' title="bbox 394 994 2179 1062; baseline 0.002 -20"><span class='ocrx_word' id='word_1_26' title='bbox 394 995 484 1042; x_wconf 90' lang='lat' dir='ltr'>hac</span> <span class='ocrx_word' id='word_1_27' title='bbox 517 995 636 1042; x_wconf 88' lang='lat' dir='ltr'>hora</span> <span class='ocrx_word' id='word_1_28' title='bbox 679 996 878 1042; x_wconf 88' lang='lat' dir='ltr'>inantea</span> <span class='ocrx_word' id='word_1_29' title='bbox 917 994 1072 1042; x_wconf 88' lang='lat' dir='ltr'>fidelis</span> <span class='ocrx_word' id='word_1_30' title='bbox 1119 1002 1170 1043; x_wconf 90' lang='lat' dir='ltr'>et</span> <span class='ocrx_word' id='word_1_31' title='bbox 1219 997 1449 1044; x_wconf 89' lang='lat' dir='ltr'>obediens</span> <span class='ocrx_word' id='word_1_32' title='bbox 1495 1013 1576 1045; x_wconf 91' lang='lat' dir='ltr'>ero</span> <span class='ocrx_word' id='word_1_33' title='bbox 1616 998 1761 1045; x_wconf 90' lang='lat' dir='ltr'>beato</span> <span class='ocrx_word' id='word_1_34' title='bbox 1799 997 1945 1045; x_wconf 88' lang='lat' dir='ltr'>Petro</span> <span class='ocrx_word' id='word_1_35' title='bbox 1977 997 2179 1062; x_wconf 57' lang='lat' dir='ltr'>1an6oeq,</span> 
     </span>
     <span class='ocr_line' id='line_1_7' title="bbox 392 1084 2175 1150; baseline 0.002 -17"><span class='ocrx_word' id='word_1_36' title='bbox 392 1084 550 1148; x_wconf 66' lang='lat' dir='ltr'>aplice</span> <span class='ocrx_word' id='word_1_37' title='bbox 574 1085 765 1133; x_wconf 62' lang='lat' dir='ltr'>Roman</span> <span class='ocrx_word' id='word_1_38' title='bbox 801 1086 950 1134; x_wconf 69' lang='lat' dir='ltr'>ecciie</span> <span class='ocrx_word' id='word_1_39' title='bbox 985 1093 1035 1134; x_wconf 92' lang='lat' dir='ltr'>et</span> <span class='ocrx_word' id='word_1_40' title='bbox 1067 1088 1260 1134; x_wconf 92' lang='lat' dir='ltr'>domino</span> <span class='ocrx_word' id='word_1_41' title='bbox 1297 1103 1405 1135; x_wconf 88' lang='lat' dir='ltr'>meo</span> <span class='ocrx_word' id='word_1_42' title='bbox 1440 1089 1633 1135; x_wconf 91' lang='lat' dir='ltr'>domino</span> <span class='ocrx_word' id='word_1_43' title='bbox 1659 1088 1903 1136; x_wconf 82' lang='lat' dir='ltr'>Clementi</span> <span class='ocrx_word' id='word_1_44' title='bbox 1929 1087 1998 1150; x_wconf 69' lang='lat' dir='ltr'>iis)</span> <span class='ocrx_word' id='word_1_45' title='bbox 2024 1118 2035 1129; x_wconf 89' lang='lat'><strong>·</strong></span> <span class='ocrx_word' id='word_1_46' title='bbox 2062 1103 2139 1136; x_wconf 86' lang='lat' dir='ltr'>vn</span> <span class='ocrx_word' id='word_1_47' title='bbox 2165 1117 2175 1127; x_wconf 93' lang='lat'><strong>·</strong></span> 
     </span>
     <span class='ocr_line' id='line_1_8' title="bbox 390 1174 2178 1240; baseline 0.002 -16"><span class='ocrx_word' id='word_1_48' title='bbox 390 1176 527 1240; x_wconf 67' lang='lat' dir='ltr'>suisq⁵</span> <span class='ocrx_word' id='word_1_49' title='bbox 548 1174 884 1224; x_wconf 84' lang='lat' dir='ltr'>successoribus</span> <span class='ocrx_word' id='word_1_50' title='bbox 916 1179 1144 1225; x_wconf 88' lang='lat' dir='ltr'>canonice</span> <span class='ocrx_word' id='word_1_51' title='bbox 1180 1178 1475 1225; x_wconf 83' lang='lat' dir='ltr'>intrantibus</span> <span class='ocrx_word' id='word_1_52' title='bbox 1511 1178 1627 1225; x_wconf 91' lang='lat' dir='ltr'>Non</span> <span class='ocrx_word' id='word_1_53' title='bbox 1663 1195 1743 1226; x_wconf 91' lang='lat' dir='ltr'>ero</span> <span class='ocrx_word' id='word_1_54' title='bbox 1779 1181 1829 1225; x_wconf 93' lang='lat' dir='ltr'>in</span> <span class='ocrx_word' id='word_1_55' title='bbox 1864 1177 2058 1226; x_wconf 87' lang='lat' dir='ltr'>confilio</span> <span class='ocrx_word' id='word_1_56' title='bbox 2093 1186 2178 1228; x_wconf 86' lang='lat' dir='ltr'>aut</span> 
     </span>
     <span class='ocr_line' id='line_1_9' title="bbox 392 1267 2178 1333; baseline 0.002 -18"><span class='ocrx_word' id='word_1_57' title='bbox 392 1267 621 1316; x_wconf 85' lang='lat' dir='ltr'>consensu</span> <span class='ocrx_word' id='word_1_58' title='bbox 645 1269 724 1315; x_wconf 93' lang='lat' dir='ltr'>uel</span> <span class='ocrx_word' id='word_1_59' title='bbox 749 1269 875 1316; x_wconf 65' lang='lat' dir='ltr'>facto</span> <span class='ocrx_word' id='word_1_60' title='bbox 899 1274 955 1315; x_wconf 89' lang='lat' dir='ltr'>ut</span> <span class='ocrx_word' id='word_1_61' title='bbox 979 1270 1132 1316; x_wconf 91' lang='lat' dir='ltr'>uitam</span> <span class='ocrx_word' id='word_1_62' title='bbox 1156 1270 1360 1331; x_wconf 91' lang='lat' dir='ltr'>perdant</span> <span class='ocrx_word' id='word_1_63' title='bbox 1380 1282 1397 1316; x_wconf 80' lang='lat' dir='ltr'><em>s</em></span> <span class='ocrx_word' id='word_1_64' title='bbox 1418 1275 1503 1316; x_wconf 88' lang='lat' dir='ltr'>aut</span> <span class='ocrx_word' id='word_1_65' title='bbox 1526 1271 1797 1317; x_wconf 89' lang='lat' dir='ltr'>membrum</span> <span class='ocrx_word' id='word_1_66' title='bbox 1821 1271 1903 1317; x_wconf 91' lang='lat' dir='ltr'>seu</span> <span class='ocrx_word' id='word_1_67' title='bbox 1927 1273 2178 1333; x_wconf 84' lang='lat' dir='ltr'>capiantur</span> 
     </span>
     <span class='ocr_line' id='line_1_10' title="bbox 390 1358 2177 1423; baseline 0.001 -16"><span class='ocrx_word' id='word_1_68' title='bbox 390 1360 519 1408; x_wconf 89' lang='lat' dir='ltr'>mala</span> <span class='ocrx_word' id='word_1_69' title='bbox 542 1362 764 1422; x_wconf 83' lang='lat' dir='ltr'>captione</span> <span class='ocrx_word' id='word_1_70' title='bbox 789 1360 1030 1423; x_wconf 85' lang='lat' dir='ltr'>Legatum</span> <span class='ocrx_word' id='word_1_71' title='bbox 1053 1359 1208 1422; x_wconf 63' lang='lat' dir='ltr'>aplice</span> <span class='ocrx_word' id='word_1_72' title='bbox 1233 1358 1356 1406; x_wconf 87' lang='lat' dir='ltr'>sedis</span> <span class='ocrx_word' id='word_1_73' title='bbox 1379 1360 1431 1406; x_wconf 88' lang='lat' dir='ltr'>in</span> <span class='ocrx_word' id='word_1_74' title='bbox 1454 1361 1612 1407; x_wconf 88' lang='lat' dir='ltr'>eundo</span> <span class='ocrx_word' id='word_1_75' title='bbox 1636 1367 1687 1408; x_wconf 93' lang='lat' dir='ltr'>et</span> <span class='ocrx_word' id='word_1_76' title='bbox 1710 1362 1956 1408; x_wconf 89' lang='lat' dir='ltr'>redeundo</span> <span class='ocrx_word' id='word_1_77' title='bbox 1986 1363 2177 1410; x_wconf 90' lang='lat' dir='ltr'>honori-</span> 
     </span>
     <span class='ocr_line' id='line_1_11' title="bbox 390 1447 2174 1503; baseline 0.003 -7"><span class='ocrx_word' id='word_1_78' title='bbox 390 1451 479 1498; x_wconf 87' lang='lat' dir='ltr'>fice</span> <span class='ocrx_word' id='word_1_79' title='bbox 498 1451 712 1498; x_wconf 75' lang='lat' dir='ltr'>tra8tabo</span> <span class='ocrx_word' id='word_1_80' title='bbox 731 1457 780 1497; x_wconf 92' lang='lat' dir='ltr'>et</span> <span class='ocrx_word' id='word_1_81' title='bbox 803 1453 852 1497; x_wconf 88' lang='lat' dir='ltr'>in</span> <span class='ocrx_word' id='word_1_82' title='bbox 878 1449 972 1497; x_wconf 86' lang='lat' dir='ltr'>suis</span> <span class='ocrx_word' id='word_1_83' title='bbox 995 1447 1354 1497; x_wconf 86' lang='lat' dir='ltr'>neceffitatibus</span> <span class='ocrx_word' id='word_1_84' title='bbox 1377 1451 1614 1498; x_wconf 86' lang='lat' dir='ltr'>adiuuabo</span> <span class='ocrx_word' id='word_1_85' title='bbox 1640 1449 1950 1500; x_wconf 80' lang='lat' dir='ltr'>Pofl&#39;effiones</span> <span class='ocrx_word' id='word_1_86' title='bbox 1973 1469 2089 1500; x_wconf 91' lang='lat' dir='ltr'>uero</span> <span class='ocrx_word' id='word_1_87' title='bbox 2114 1457 2174 1503; x_wconf 89' lang='lat' dir='ltr'>ad</span> 
     </span>
     <span class='ocr_line' id='line_1_12' title="bbox 387 1539 2177 1608; baseline 0.001 -20"><span class='ocrx_word' id='word_1_88' title='bbox 387 1539 707 1604; x_wconf 81' lang='lat' dir='ltr'>priorissatum</span> <span class='ocrx_word' id='word_1_89' title='bbox 753 1556 918 1588; x_wconf 88' lang='lat' dir='ltr'>meum</span> <span class='ocrx_word' id='word_1_90' title='bbox 962 1541 1265 1602; x_wconf 83' lang='lat' dir='ltr'>pertinentes</span> <span class='ocrx_word' id='word_1_91' title='bbox 1310 1555 1408 1586; x_wconf 90' lang='lat' dir='ltr'>non</span> <span class='ocrx_word' id='word_1_92' title='bbox 1454 1541 1662 1587; x_wconf 89' lang='lat' dir='ltr'>uendam</span> <span class='ocrx_word' id='word_1_93' title='bbox 1704 1556 1811 1603; x_wconf 60' lang='lat' dir='ltr'>neqs</span> <span class='ocrx_word' id='word_1_94' title='bbox 1845 1543 2032 1590; x_wconf 90' lang='lat' dir='ltr'>donabo</span> <span class='ocrx_word' id='word_1_95' title='bbox 2070 1560 2177 1608; x_wconf 60' lang='lat' dir='ltr'>neq,</span> 
     </span>
     <span class='ocr_line' id='line_1_13' title="bbox 388 1630 2174 1695; baseline 0.002 -16"><span class='ocrx_word' id='word_1_96' title='bbox 388 1633 719 1695; x_wconf 85' lang='lat' dir='ltr'>impignorabo</span> <span class='ocrx_word' id='word_1_97' title='bbox 756 1646 862 1694; x_wconf 65' lang='lat' dir='ltr'>neq3</span> <span class='ocrx_word' id='word_1_98' title='bbox 901 1631 962 1677; x_wconf 92' lang='lat' dir='ltr'>de</span> <span class='ocrx_word' id='word_1_99' title='bbox 997 1646 1125 1676; x_wconf 89' lang='lat' dir='ltr'>nouo</span> <span class='ocrx_word' id='word_1_100' title='bbox 1171 1630 1431 1676; x_wconf 84' lang='lat' dir='ltr'>infeudabo</span> <span class='ocrx_word' id='word_1_101' title='bbox 1477 1630 1558 1677; x_wconf 89' lang='lat' dir='ltr'>uel</span> <span class='ocrx_word' id='word_1_102' title='bbox 1604 1631 1909 1692; x_wconf 88' lang='lat' dir='ltr'>aliquomodo</span> <span class='ocrx_word' id='word_1_103' title='bbox 1955 1634 2174 1683; x_wconf 88' lang='lat' dir='ltr'>alienabo</span> 
     </span>
     <span class='ocr_line' id='line_1_14' title="bbox 388 1719 2175 1773; baseline 0.001 -2"><span class='ocrx_word' id='word_1_104' title='bbox 388 1722 668 1771; x_wconf 87' lang='lat' dir='ltr'>Inconsulto</span> <span class='ocrx_word' id='word_1_105' title='bbox 694 1722 884 1770; x_wconf 72' lang='lat' dir='ltr'>Romafi</span> <span class='ocrx_word' id='word_1_106' title='bbox 909 1721 1148 1769; x_wconf 87' lang='lat' dir='ltr'>Pontifice</span> <span class='ocrx_word' id='word_1_107' title='bbox 1173 1749 1184 1759; x_wconf 91' lang='lat'>·</span> <span class='ocrx_word' id='word_1_108' title='bbox 1210 1719 1274 1769; x_wconf 86' lang='lat' dir='ltr'>fic</span> <span class='ocrx_word' id='word_1_109' title='bbox 1297 1736 1376 1767; x_wconf 91' lang='lat' dir='ltr'>me</span> <span class='ocrx_word' id='word_1_110' title='bbox 1412 1719 1547 1768; x_wconf 85' lang='lat' dir='ltr'>Deus</span> <span class='ocrx_word' id='word_1_111' title='bbox 1583 1723 1782 1770; x_wconf 88' lang='lat' dir='ltr'>adiuuet</span> <span class='ocrx_word' id='word_1_112' title='bbox 1807 1729 1856 1771; x_wconf 88' lang='lat' dir='ltr'>et</span> <span class='ocrx_word' id='word_1_113' title='bbox 1890 1725 1981 1772; x_wconf 89' lang='lat' dir='ltr'>hec</span> <span class='ocrx_word' id='word_1_114' title='bbox 2017 1724 2175 1773; x_wconf 60' lang='lat' dir='ltr'>saneta</span> 
     </span>
     <span class='ocr_line' id='line_1_15' title="bbox 388 1814 794 1876; baseline -0.005 -13"><span class='ocrx_word' id='word_1_115' title='bbox 388 1815 482 1863; x_wconf 89' lang='lat' dir='ltr'>Dei</span> <span class='ocrx_word' id='word_1_116' title='bbox 507 1814 760 1876; x_wconf 89' lang='lat' dir='ltr'>euangelia</span> <span class='ocrx_word' id='word_1_117' title='bbox 783 1841 794 1851; x_wconf 94' lang='lat'><strong>·</strong></span> 
     </span>
    </p>
   </div>
   <div class='ocr_carea' id='block_1_6' title="bbox 388 2083 2171 2149">
    <p class='ocr_par' dir='ltr' id='par_1_6' title="bbox 388 2083 2171 2149">
     <span class='ocr_line' id='line_1_16' title="bbox 388 2083 2171 2149; baseline 0.002 -13"><span class='ocrx_word' id='word_1_118' title='bbox 388 2086 770 2136; x_wconf 89' lang='lat' dir='ltr'>Instrumentum</span> <span class='ocrx_word' id='word_1_119' title='bbox 797 2086 936 2149; x_wconf 89' lang='lat' dir='ltr'>super</span> <span class='ocrx_word' id='word_1_120' title='bbox 959 2087 1236 2134; x_wconf 86' lang='lat' dir='ltr'>obedientia</span> <span class='ocrx_word' id='word_1_121' title='bbox 1258 2083 1456 2148; x_wconf 87' lang='lat' dir='ltr'>prestita</span> <span class='ocrx_word' id='word_1_122' title='bbox 1479 2087 1672 2134; x_wconf 90' lang='lat' dir='ltr'>domine</span> <span class='ocrx_word' id='word_1_123' title='bbox 1697 2087 1903 2136; x_wconf 89' lang='lat' dir='ltr'>Isabelle</span> <span class='ocrx_word' id='word_1_124' title='bbox 1929 2089 2135 2139; x_wconf 86' lang='lat' dir='ltr'>Howme</span> <span class='ocrx_word' id='word_1_125' title='bbox 2161 2120 2171 2129; x_wconf 91' lang='lat'><strong>·</strong></span> 
     </span>
    </p>
   </div>
   <div class='ocr_carea' id='block_1_7' title="bbox 383 2269 2171 3063">
    <p class='ocr_par' dir='ltr' id='par_1_7' title="bbox 383 2269 2171 3063">
     <span class='ocr_line' id='line_1_17' title="bbox 387 2269 2171 2334; baseline 0.001 -15"><span class='ocrx_word' id='word_1_126' title='bbox 387 2272 447 2319; x_wconf 91' lang='lat' dir='ltr'>In</span> <span class='ocrx_word' id='word_1_127' title='bbox 484 2272 576 2318; x_wconf 88' lang='lat' dir='ltr'>Dei</span> <span class='ocrx_word' id='word_1_128' title='bbox 615 2271 747 2317; x_wconf 84' lang='lat' dir='ltr'>Noie</span> <span class='ocrx_word' id='word_1_129' title='bbox 781 2269 944 2317; x_wconf 90' lang='lat' dir='ltr'>Amen</span> <span class='ocrx_word' id='word_1_130' title='bbox 982 2297 992 2308; x_wconf 92' lang='lat'><strong>·</strong></span> <span class='ocrx_word' id='word_1_131' title='bbox 1030 2269 1124 2317; x_wconf 91' lang='lat' dir='ltr'>Per</span> <span class='ocrx_word' id='word_1_132' title='bbox 1157 2271 1249 2318; x_wconf 91' lang='lat' dir='ltr'>hoc</span> <span class='ocrx_word' id='word_1_133' title='bbox 1283 2271 1475 2333; x_wconf 85' lang='lat' dir='ltr'>presens</span> <span class='ocrx_word' id='word_1_134' title='bbox 1509 2272 1758 2334; x_wconf 88' lang='lat' dir='ltr'>publicum</span> <span class='ocrx_word' id='word_1_135' title='bbox 1789 2271 2171 2321; x_wconf 84' lang='lat' dir='ltr'>Instrumentum</span> 
     </span>
     <span class='ocr_line' id='line_1_18' title="bbox 387 2359 2171 2426; baseline 0.001 -17"><span class='ocrx_word' id='word_1_136' title='bbox 387 2363 584 2410; x_wconf 66' lang='lat' dir='ltr'>Cunffis</span> <span class='ocrx_word' id='word_1_137' title='bbox 619 2366 786 2422; x_wconf 87' lang='lat' dir='ltr'>pateat</span> <span class='ocrx_word' id='word_1_138' title='bbox 817 2361 1069 2407; x_wconf 87' lang='lat' dir='ltr'>evidenter</span> <span class='ocrx_word' id='word_1_139' title='bbox 1103 2366 1154 2407; x_wconf 89' lang='lat' dir='ltr'>et</span> <span class='ocrx_word' id='word_1_140' title='bbox 1192 2359 1251 2409; x_wconf 87' lang='lat' dir='ltr'>fit</span> <span class='ocrx_word' id='word_1_141' title='bbox 1293 2367 1413 2409; x_wconf 67' lang='lat' dir='ltr'>nota</span> <span class='ocrx_word' id='word_1_142' title='bbox 1445 2378 1479 2426; x_wconf 80' lang='lat' dir='ltr'>q</span> <span class='ocrx_word' id='word_1_143' title='bbox 1515 2379 1642 2409; x_wconf 90' lang='lat' dir='ltr'>anno</span> <span class='ocrx_word' id='word_1_144' title='bbox 1679 2364 1991 2410; x_wconf 72' lang='lat' dir='ltr'>incarnaciois</span> <span class='ocrx_word' id='word_1_145' title='bbox 2028 2363 2171 2412; x_wconf 76' lang='lat' dir='ltr'>dnice</span> 
     </span>
     <span class='ocr_line' id='line_1_19' title="bbox 385 2449 2170 2514; baseline 0.001 -13"><span class='ocrx_word' id='word_1_146' title='bbox 385 2451 636 2501; x_wconf 75' lang='lat' dir='ltr'>millesimo</span> <span class='ocrx_word' id='word_1_147' title='bbox 672 2449 1053 2514; x_wconf 77' lang='lat' dir='ltr'>quingentesimo</span> <span class='ocrx_word' id='word_1_148' title='bbox 1091 2450 1315 2500; x_wconf 82' lang='lat' dir='ltr'>vicefimo</span> <span class='ocrx_word' id='word_1_149' title='bbox 1349 2453 1484 2500; x_wconf 90' lang='lat' dir='ltr'>sexto</span> <span class='ocrx_word' id='word_1_150' title='bbox 1518 2451 1693 2500; x_wconf 88' lang='lat' dir='ltr'>menfis</span> <span class='ocrx_word' id='word_1_151' title='bbox 1728 2470 1839 2500; x_wconf 87' lang='lat' dir='ltr'>vero</span> <span class='ocrx_word' id='word_1_152' title='bbox 1886 2454 2170 2503; x_wconf 87' lang='lat' dir='ltr'>Decembris</span> 
     </span>
     <span class='ocr_line' id='line_1_20' title="bbox 385 2542 2169 2608; baseline 0.001 -17"><span class='ocrx_word' id='word_1_153' title='bbox 385 2542 612 2608; x_wconf 80' lang='lat' dir='ltr'>vigesimo</span> <span class='ocrx_word' id='word_1_154' title='bbox 636 2559 764 2590; x_wconf 91' lang='lat' dir='ltr'>nono</span> <span class='ocrx_word' id='word_1_155' title='bbox 801 2543 1072 2590; x_wconf 56' lang='lat' dir='ltr'>Indiaione</span> <span class='ocrx_word' id='word_1_156' title='bbox 1108 2545 1247 2591; x_wconf 84' lang='lat' dir='ltr'>decia</span> <span class='ocrx_word' id='word_1_157' title='bbox 1281 2550 1450 2604; x_wconf 86' lang='lat' dir='ltr'>quarta</span> <span class='ocrx_word' id='word_1_158' title='bbox 1479 2545 1790 2606; x_wconf 86' lang='lat' dir='ltr'>pontificat-us</span> <span class='ocrx_word' id='word_1_159' title='bbox 1823 2542 2093 2592; x_wconf 60' lang='lat' dir='ltr'>sanctissimi</span> <span class='ocrx_word' id='word_1_160' title='bbox 2118 2547 2169 2592; x_wconf 92' lang='lat' dir='ltr'>in</span> 
     </span>
     <span class='ocr_line' id='line_1_21' title="bbox 384 2632 2168 2699; baseline -0.001 -14"><span class='ocrx_word' id='word_1_161' title='bbox 384 2635 483 2699; x_wconf 65' lang='lat' dir='ltr'>xpo</span> <span class='ocrx_word' id='word_1_162' title='bbox 506 2636 654 2698; x_wconf 89' lang='lat' dir='ltr'>patris</span> <span class='ocrx_word' id='word_1_163' title='bbox 679 2651 733 2682; x_wconf 91' lang='lat' dir='ltr'>ac</span> <span class='ocrx_word' id='word_1_164' title='bbox 757 2633 842 2681; x_wconf 79' lang='lat' dir='ltr'>dni</span> <span class='ocrx_word' id='word_1_165' title='bbox 865 2633 939 2680; x_wconf 71' lang='lat' dir='ltr'>firi</span> <span class='ocrx_word' id='word_1_166' title='bbox 963 2632 1047 2680; x_wconf 79' lang='lat' dir='ltr'>dni</span> <span class='ocrx_word' id='word_1_167' title='bbox 1083 2634 1349 2681; x_wconf 79' lang='lat' dir='ltr'>Clementis</span> <span class='ocrx_word' id='word_1_168' title='bbox 1384 2635 1547 2681; x_wconf 90' lang='lat' dir='ltr'>diuina</span> <span class='ocrx_word' id='word_1_169' title='bbox 1579 2635 1799 2694; x_wconf 63' lang='lat' dir='ltr'>pvidfmia</span> <span class='ocrx_word' id='word_1_170' title='bbox 1820 2651 1943 2696; x_wconf 88' lang='lat' dir='ltr'>pape</span> <span class='ocrx_word' id='word_1_171' title='bbox 1977 2634 2168 2697; x_wconf 88' lang='lat' dir='ltr'>septimi</span> 
     </span>
     <span class='ocr_line' id='line_1_22' title="bbox 385 2723 2170 2788; baseline 0.001 -14"><span class='ocrx_word' id='word_1_172' title='bbox 385 2743 510 2775; x_wconf 89' lang='lat' dir='ltr'>anno</span> <span class='ocrx_word' id='word_1_173' title='bbox 535 2728 680 2773; x_wconf 88' lang='lat' dir='ltr'>tertio</span> <span class='ocrx_word' id='word_1_174' title='bbox 699 2725 759 2772; x_wconf 88' lang='lat' dir='ltr'>In</span> <span class='ocrx_word' id='word_1_175' title='bbox 783 2726 879 2772; x_wconf 90' lang='lat' dir='ltr'>mei</span> <span class='ocrx_word' id='word_1_176' title='bbox 902 2725 1075 2785; x_wconf 89' lang='lat' dir='ltr'>notarij</span> <span class='ocrx_word' id='word_1_177' title='bbox 1100 2725 1280 2786; x_wconf 90' lang='lat' dir='ltr'>publici</span> <span class='ocrx_word' id='word_1_178' title='bbox 1305 2723 1497 2787; x_wconf 70' lang='lat' dir='ltr'>testifiq,</span> <span class='ocrx_word' id='word_1_179' title='bbox 1518 2724 1889 2788; x_wconf 88' lang='lat' dir='ltr'>subscriptorum</span> <span class='ocrx_word' id='word_1_180' title='bbox 1924 2728 2170 2788; x_wconf 87' lang='lat' dir='ltr'>presencia</span> 
     </span>
     <span class='ocr_line' id='line_1_23' title="bbox 383 2813 2163 2882; baseline 0.001 -18"><span class='ocrx_word' id='word_1_181' title='bbox 383 2816 643 2879; x_wconf 78' lang='lat' dir='ltr'>psonaliter</span> <span class='ocrx_word' id='word_1_182' title='bbox 657 2813 918 2863; x_wconf 89' lang='lat' dir='ltr'>constitute</span> <span class='ocrx_word' id='word_1_183' title='bbox 933 2814 1116 2862; x_wconf 88' lang='lat' dir='ltr'>Pudice</span> <span class='ocrx_word' id='word_1_184' title='bbox 1132 2831 1187 2863; x_wconf 93' lang='lat' dir='ltr'>ac</span> <span class='ocrx_word' id='word_1_185' title='bbox 1202 2815 1419 2878; x_wconf 84' lang='lat' dir='ltr'>religiose</span> <span class='ocrx_word' id='word_1_186' title='bbox 1432 2817 1624 2864; x_wconf 91' lang='lat' dir='ltr'>domine</span> <span class='ocrx_word' id='word_1_187' title='bbox 1642 2818 1873 2864; x_wconf 90' lang='lat' dir='ltr'>moniales</span> <span class='ocrx_word' id='word_1_188' title='bbox 1890 2817 2144 2866; x_wconf 89' lang='lat' dir='ltr'>monasteri</span> <span class='ocrx_word' id='word_1_189' title='bbox 2141 2837 2163 2882; x_wconf 87' lang='lat' dir='ltr'>J</span> 
     </span>
     <span class='ocr_line' id='line_1_24' title="bbox 384 2905 2165 2971; baseline 0.001 -17"><span class='ocrx_word' id='word_1_190' title='bbox 384 2910 445 2955; x_wconf 88' lang='lat' dir='ltr'>de</span> <span class='ocrx_word' id='word_1_191' title='bbox 470 2907 845 2955; x_wconf 87' lang='lat' dir='ltr'>Northberweik</span> <span class='ocrx_word' id='word_1_192' title='bbox 872 2908 1051 2953; x_wconf 89' lang='lat' dir='ltr'>ordinis</span> <span class='ocrx_word' id='word_1_193' title='bbox 1075 2905 1224 2954; x_wconf 72' lang='lat' dir='ltr'>san8ci</span> <span class='ocrx_word' id='word_1_194' title='bbox 1247 2906 1498 2969; x_wconf 64' lang='lat' dir='ltr'>Benedictj</span> <span class='ocrx_word' id='word_1_195' title='bbox 1525 2906 1689 2954; x_wconf 71' lang='lat' dir='ltr'>Sanffi</span> <span class='ocrx_word' id='word_1_196' title='bbox 1713 2907 1911 2955; x_wconf 89' lang='lat' dir='ltr'>Andree</span> <span class='ocrx_word' id='word_1_197' title='bbox 1931 2909 2039 2955; x_wconf 63' lang='lat' dir='ltr'>dio&amp;</span> <span class='ocrx_word' id='word_1_198' title='bbox 2060 2908 2165 2971; x_wconf 86' lang='lat' dir='ltr'>post</span> 
     </span>
     <span class='ocr_line' id='line_1_25' title="bbox 385 2996 2164 3063; baseline 0.002 -18"><span class='ocrx_word' id='word_1_199' title='bbox 385 2996 650 3046; x_wconf 67' lang='lat' dir='ltr'>dimiffione</span> <span class='ocrx_word' id='word_1_200' title='bbox 695 2996 779 3046; x_wconf 91' lang='lat' dir='ltr'>seu</span> <span class='ocrx_word' id='word_1_201' title='bbox 811 2997 1129 3046; x_wconf 71' lang='lat' dir='ltr'>absolutioem</span> <span class='ocrx_word' id='word_1_202' title='bbox 1165 2998 1266 3044; x_wconf 87' lang='lat' dir='ltr'>voti</span> <span class='ocrx_word' id='word_1_203' title='bbox 1300 2999 1543 3046; x_wconf 68' lang='lat' dir='ltr'>obediecie</span> <span class='ocrx_word' id='word_1_204' title='bbox 1576 3016 1610 3063; x_wconf 77' lang='lat' dir='ltr'>p</span> <span class='ocrx_word' id='word_1_205' title='bbox 1644 2997 1756 3046; x_wconf 77' lang='lat' dir='ltr'>easd</span> <span class='ocrx_word' id='word_1_206' title='bbox 1787 3001 2021 3061; x_wconf 88' lang='lat' dir='ltr'>premitus</span> <span class='ocrx_word' id='word_1_207' title='bbox 2050 3000 2164 3049; x_wconf 64' lang='lat' dir='ltr'>‘faci</span> 
     </span>
    </p>
   </div>
  </div>
 </body>
</html>
