3016 3984
825 629 901 671 25.

919 412 981 458 66
1200 452 1202 456 .
1387 409 1919 460 TRANSAOTIONS
1954 409 2035 460 IN
2068 408 2207 460 THE
2302 419 2307 424 ·
2380 412 2686 476 [Arrnumx.

920 629 1049 678 Maii
1083 634 1160 686 24,
1198 634 1325 679 1550
1361 657 1373 668 ·
1393 629 1580 680 'Calices
1610 628 1883 680 et’Jooalioe
1903 631 2459 696 concertasse-Religio&
2496 632 2713 679 domina.
2777 646 2781 651 ’

920 721 1114 768 domina
1135 720 1413 783 Mergareta
1434 719 1642 768 Howme
1676 718 1886 782 priorissa
1914 719 2188 770 monasterii
2221 723 2282 771 de
2305 721 2688 783 Northtberwyk

919 810 1097 857 ibidem
1136 811 1262 857 di&a
1289 807 1500 872 priorissa
1525 808 1830 871 presentabat
1864 816 1917 858 et
1947 811 2081 859 dedit
2111 809 2194 859 suo
2227 814 2488 861 conventui
2515 812 2689 873 calices

921 915 1032 947 cum
1082 901 1291 962 imagine
1334 899 1561 947 crucifixi
1598 904 1712 946 cum
1754 898 1909 947 altera
1951 916 2093 949 cruce
2114 920 2117 924 >
2135 909 2365 964 argentea
2416 918 2528 950 cum
2570 906 2691 950 'non-

920 990 1065 1037 nullis
1111 989 1349 1050 jocalibus
1400 989 1561 1049 cappi's
1611 989 1906 1035 ornamentis
1942 987 2149 1037 ‘ecclesie
2201 991 2366 1038 in'fulis
2421 991 2689 1039 dalmaticis

921 1079 1194 1126 exemmitis
1228 1077 1363 1143 abbis
1392 1076 1650 1138 manipulis
1686 1077 1737 1123 in
1763 1091 1964 1124 numero
1999 1077 2218 1139 sequenti
2251 1082 2350 1128 viz.
2378 1083 2483 1129 οᾶο
2518 1081 2690 1130 calices

921 1177 1171 1234 argenteos
1192 1169 1493 1216 mencionem
1529 1169 1747 1215 faciendo
1783 1169 1922 1215 vnius
1957 1167 2154 1215 alterius
2190 1169 2350 1217 calicis
2384 1171 2436 1217 in
2471 1172 2693 1219 inanibus

922 1261 1102 1307 domini
1126 1261 1185 1307 de
1209 1259 1418 1306 Polwart
1439 1259 1598 1305 fratris
1618 1259 1834 1320 germani
1857 1257 1981 1305 diste
2002 1255 2213 1318 priorisse
2235 1264 2288 1306 et
2304 1256 2369 1306 fic
2385 1257 2496 1308 sunt
2518 1269 2692 1307 novem

921 1351 971 1396 in
990 1363 1216 1397 numeros
1231 1364 1419 1397 necnon
1436 1349 1710 1410 ymaginem
1727 1346 1942 1394 crucifixi
1956 1347 2109 1393 forma
2122 1347 2329 1407 qualiter
2344 1349 2470 1396 dic-:ta
2485 1346 2695 1410 priorissa

922 1442 1104 1501 recepit
1148 1441 1200 1486 in
1244 1437 1457 1486 custodia
1488 1444 1706 1499 tempore
1749 1433 2003 1483 invasionis
2042 1438 2350 1498 antiquorum
2393 1439 2695 1487 inimicorum

924 1531 1104 1593 Anglie
1128 1545 1238 1577 cum
1262 1531 1432 1577 ceteris
1456 1528 1747 1575 ornamentis
1771 1523 1967 1573 ecclesie
1990 1541 2100 1573 cum
2115 1526 2352 1588 jocalibus
2380 1530 2468 1576 viz.
2492 1535 2697 1590 quatuor

926 1623 1218 1669 ornamentis
1252 1622 1395 1682 pannj
1429 1622 1526 1668 arei
1562 1621 1649 1666 viz.
1683 1635 1833 1681 cappa
1860 1635 1972 1666 cum
2003 1621 2297 1667 ornamentis
2331 1619 2697 1669 subdiaconatus

926 1713 1203 1759 diaconatus
1225 1709 1564 1772 presbiteratus
1587 1725 1697 1756 cum
1721 1709 1942 1756 omnibus
1972 1709 2198 1757 teniculis
2231 1710 2399 1757 infulis
2429 1710 2697 1758 dalmaticis

929 1802 1202 1848 exemmitis
1251 1801 1386 1847 abbis
1431 1797 1563 1846 stolis
1615 1804 1667 1845 et
1719 1798 2041 1859 corporalibus
2086 1797 2298 1846 eiusdem
2344 1800 2697 1861 pertinentibus

927 1868 1116 1938 necnon
1157 1892 1281 1938 dista
1312 1887 1523 1952 priorissa
1558 1887 1862 1950 presentabat
1900 1887 1996 1934 illis
2042 1888 2159 1936 duas
2204 1904 2376 1950 cappas
2420 1890 2508 1935 viz.
2556 1905 2698 1937 vnam

929 1998 1041 2028 vero
1087 1982 1247 2028 blauei
1293 1981 1463 2028 eoloris
1509 1995 1582 2026 ex·
1616 1979 1809 2026 velueto
1844 1977 2045 2025 alteram
2079 1993 2192 2025 vero
2227 1980 2389 2026 viridis
2433 1979 2603 2027 coloris
2636 1995 2699 2027 ex

929 2070 1045 2120 bisso
1096 2087 1284 2119 necnon
1336 2086 1484 2117 vnum
1542 2074 1876 2117 ornamentum
1931 2066 2128 2115 ecclefie
2172 2075 2504 2131 nuncupatum
2559 2070 2700 2131 byrd-

931 2162 1189 2230 alexander
1240 2176 1350 2208 cum
1400 2161 1684 2206 indumento
1736 2157 2100 2206 subdiaconatus
2152 2160 2430 2207 diaconatus
2475 2166 2527 2207 et
2575 2159 2701 2221 pres-

930 2253 1166 2299 biteratus
1200 2266 1310 2298 cum
1347 2248 1478 2296 stolis
1509 2250 1642 2297 abbis
1675 2249 1942 2296 dalmaticis
1970 2250 2243 2296 exemmitis
2266 2255 2318 2296 et
2350 2252 2522 2297 ceteris
2554 2253 2702 2312 perti-

932 2342 1159 2388 nentibus
1172 2347 1221 2387 et
1240 2340 1445 2388 alterum
1463 2338 1803 2386 vestimentum
1820 2334 2042 2384 biffinum
2060 2338 2156 2385 albi
2174 2339 2344 2385 coloris
2361 2331 2506 2401 vulgo
2521 2339 2702 2387 dictum

933 2430 1061 2495 quhit
1101 2431 1249 2477 dames
1294 2445 1404 2476 cum
1450 2429 1743 2476 ornamentis
1777 2428 2056 2474 diaconatus
2090 2426 2456 2476 subdiaconatus
2490 2434 2541 2476 et
2574 2429 2704 2490 pres-

933 2523 1168 2568 biteratus
1213 2534 1323 2566 cum
1369 2519 1541 2566 ceteris
1586 2517 1938 2580 pertinentibus
1983 2531 2170 2564 necnon
2215 2517 2376 2565 omnia
2425 2524 2476 2566 et
2519 2516 2703 2580 singula

927 2612 1104 2673 jocalia
1126 2626 1218 2671 que
1253 2608 1353 2670 ipsa
1376 2609 1503 2656 dicta
1531 2605 1743 2670 priorissa
1767 2607 1949 2668 recepit
1971 2607 2022 2652 in
2045 2605 2258 2654 custodia
2282 2599 2498 2669 tempore
2533 2624 2703 2670 guerre

936 2701 1044 2757 Que
1067 2715 1179 2746 vero
1202 2704 1466 2746 conventus
1489 2714 1575 2760 per
1594 2699 1822 2759 majorem
1845 2704 2032 2759 partem
2053 2697 2331 2744 fatebantur
2351 2697 2702 2747 restitutionem

938 2790 1198 2838 eorundem
1254 2789 1648 2835 indumentorum
1704 2803 1814 2834 cum
1865 2789 2037 2859 ceteris
2096 2794 2240 2835 antea
2291 2787 2561 2851 prescriptis
2610 2790 2706 2837 illis

939 2882 1101 2927 debite
1145 2880 1319 2926 fastam
1364 2894 1450 2940 per
1494 2879 1669 2926 dictam
1715 2875 1974 2940 priorissam
2019 2883 2070 2924 et
2116 2878 2342 2925 dixerunt
2394 2876 2443 2925 se
2495 2877 2706 2927 habuisse

940 2972 1099 3018 omnia
1133 2986 1225 3032 que
1270 2969 1369 3032 ipse
1414 2976 1679 3018 conventus
1725 2970 2023 3017 donaverunt
2067 2969 2192 3016 diae
2234 2965 2444 3030 priorisse
2487 2974 2704 3031 tempore
