3016 3984
40 3703 42 3705 v
36 3428 39 3431 ,
35 3399 39 3410 Α.
32 3331 41 3368 »a
33 3294 36 3299 -
34 3270 38 3275 ·
40 3250 41 3253 „
40 3231 43 3234 ,
32 3163 42 3181 m
38 3022 42 3026 .

33 3177 96 3984 ἓέι,ᾆῆᾅριϊλλᾮφμΜψῑμδ-ἱ
47 3159 54 3165 2
50 3131 54 3139 .
50 3109 54 3116 .
48 3079 54 3094 μ
41 3048 46 3049 ¹
48 2991 50 2994 ,

940 429 1035 478 DE
1071 429 1616 479 NORTHBERWIC.
2112 439 2173 487 47

382 651 527 700 Bulla
547 650 814 700 Clementis
837 650 1031 714 septimi
1054 651 1187 714 Pape
1213 680 1224 690 ·

286 834 363 882 37.
383 833 609 882 Clemens
631 831 718 895 eps
749 831 913 880 seruus
949 831 1194 881 seruorum
1232 833 1310 881 dei
1344 831 1428 881 Ad
1461 840 1745 896 perpetuam
1779 836 1848 883 rei
1882 839 2164 885 memoriam

382 923 494 987 Hijs
527 939 621 986 que
654 939 740 986 pro
774 924 991 972 utilitate
1028 922 1347 980 monasterion
1383 923 1638 985 quemlibet
1672 941 1728 974 ae
1750 925 1986 988 personan
2010 929 2061 975 in
2097 930 2165 976 eis

379 1016 660 1078 degentium
678 1014 773 1062 illis
792 1013 1042 1077 presertim
1059 1029 1153 1076 que
1170 1014 1428 1061 mundanis
1447 1014 1642 1062 abieetis
1659 1015 1898 1064 illecebris
1924 1017 1972 1066 se
1995 1017 2164 1080 sponte

379 1106 572 1152 domino
592 1106 895 1153 deuouerunt
912 1105 1113 1168 proinde
1131 1105 1256 1153 fa&a
1272 1103 1384 1152 sunt
1402 1111 1458 1152 ut
1477 1103 1670 1154 illibata
1680 1105 1938 1156 confistant
1956 1109 2165 1157 libenter

377 1197 610 1244 adicimus
644 1195 789 1258 aplici
822 1196 1102 1243 muniminis
1137 1195 1419 1243 firmitatem
1465 1196 1699 1246 Exhibita
1746 1182 1979 1260 liquidem
2024 1201 2162 1248 nobis

377 1303 531 1349 nuper
553 1302 638 1350 pro
662 1294 798 1349 parte
822 1287 1031 1345 dilectaa
1055 1288 1104 1334 in
1135 1284 1233 1350 xpo
1270 1286 1406 1345 filiam}
1429 1313 1440 1324 ·
1465 1314 1476 1325 ·
1503 1313 1513 1324 ·
1539 1287 1768 1336 abbatifl'e
1805 1296 1856 1337 et
1893 1297 2162 1339 conuentus

377 1376 644 1439 ‹nonasterij
671 1378 730 1424 de
756 1377 1120 1438 Northberwyk
1144 1377 1322 1425 ordinis
1341 1375 1667 1426 Cistercienfis
1686 1379 2030 1430 Sanffiandree
2053 1384 2163 1430 dioc

376 1471 547 1530 petitio
572 1469 853 1517 continebat
877 1467 943 1530 qd
966 1468 1080 1515 olim
1105 1473 1338 1530 perpetua
1355 1469 1531 1516 vicaria
1549 1469 1698 1517 ecciie
1718 1471 1778 1517 de
1798 1471 2160 1534 Northberwyk

378 1562 503 1608 dicte
544 1562 654 1607 dioc
690 1577 775 1623 per
810 1560 1012 1607 liberam
1049 1556 1420 1621 resignationem
1455 1559 1618 1606 dileffl
1653 1560 1737 1621 filij
1773 1561 2008 1610 Johannis
2040 1563 2161 1610 fabri

377 1652 560 1699 dudum
583 1650 711 1714 ipius
734 1651 884 1699 ecciie
918 1651 1140 1712 perpetui
1176 1650 1338 1711 vicarij
1375 1665 1462 1711 per
1498 1665 1609 1697 eum
1650 1651 1710 1697 de
1747 1651 1831 1700 illa
1861 1668 2004 1713 quam
2042 1659 2160 1702 tunc

376 1743 630 1789 obtinebat
652 1743 703 1788 in
726 1741 947 1789 manibus
971 1740 1257 1787 venerabilis
1281 1740 1440 1787 fratris
1465 1739 1539 1787 firi
1564 1740 1806 1788 Willelmi
1840 1741 1936 1804 Epi
1973 1743 2160 1792 Sancti-

377 1833 555 1880 andree
579 1839 717 1879 extra
741 1829 933 1878 Romafi
957 1829 1153 1877 Curiam
1187 1829 1357 1891 sponte
1390 1830 1564 1877 saetam
1601 1837 1651 1878 et
1685 1848 1772 1893 per
1795 1834 2003 1880 eundem
2029 1834 2159 1897 Epm

374 1930 514 1972 extra
536 1925 716 1972 curiam
741 1922 873 1986 if>am
910 1922 1195 1969 auctoritate
1230 1921 1468 1968 ordinaria
1504 1918 1747 1969 admissam
1785 1930 1990 1972 uacante
2027 1926 2158 1973 idem

375 2014 480 2078 Eps
510 2016 754 2077 quondam
785 2012 906 2070 suo‘zp
942 2008 1251 2074 predeceffou
1289 2009 1434 2075 Epor}
1470 2011 1816 2060 Sanfflandree
1851 2016 1932 2075 qui
1966 2015 2157 2063 fuerant

371 2122 457 2168 pro
503 2114 721 2168 tempore
754 2101 968 2165 uestigijs
1002 2102 1227 2149 inherens
1264 2117 1319 2148 ac
1355 2100 1472 2163 span
1518 2099 1768 2149 Abbatiss'e
1803 2108 1854 2150 et
1889 2112 2156 2154 conuentus

374 2203 570 2259 propter
622 2211 715 2253 θείῃ
767 2190 1086 2256 oppreffiones
1138 2198 1190 2239 et
1241 2189 1542 2240 neceffitates
1597 2199 1799 2254 paterno
1854 2198 2155 2258 compaciens

375 2286 549 2334 affeetu
581 2287 738 2348 difflffi
771 2283 1051 2344 monasterij
1089 2288 1140 2330 et
1173 2284 1375 2345 prediozz
1410 2282 1622 2331 eiusdem
1657 2285 1910 2346 frequente
1941 2285 2155 2334 deuasta-

374 2379 508 2424 tione
535 2383 731 2439 propter
765 2390 957 2438 guerras
992 2391 1048 2422 ac
1083 2374 1232 2422 ecclic
1267 2374 1477 2422 eiusdem
1511 2373 1777 2437 monasterij
1814 2392 1900 2438 per
1931 2376 2153 2424 hostilem

374 2469 556 2515 rabiem
602 2466 901 2515 lamentabili
947 2463 1274 2513 combustione
1310 2465 1509 2528 pensata
1546 2468 1605 2515 de
1644 2468 1788 2530 pleno
1826 2467 2060 2516 concensu
2102 2474 2152 2515 et

373 2558 554 2606 assensu
589 2558 800 2615 dilectou
835 2558 971 2616 filion
1005 2557 1204 2619 capituli
1240 2556 1579 2604 Sanstiandree
1617 2559 1879 2619 preditffiam
1925 2559 2148 2606 vicariam

371 2649 435 2698 fic
460 2657 715 2698 uacantem
739 2648 916 2697 eisdem
939 2645 1149 2710 priorisse
1173 2649 1434 2695 conuentui
1458 2664 1514 2696 ac
1548 2648 1828 2698 monasterio
1863 2650 2147 2696 auctoritate

371 2741 607 2788 ordinaria
628 2741 842 2802 predicta
864 2739 1071 2788 contulit
1095 2746 1145 2786 et
1168 2740 1219 2785 in
1249 2737 1360 2786 usus
1383 2754 1476 2796 emp
1499 2741 1712 2802 proprios
1735 2740 2037 2788 confirmauit
2059 2755 2145 2801 per

368 2832 557 2880 easdem
602 2829 904 2879 Abbatiffam
938 2837 989 2878 et
1023 2830 1334 2878 Conuentum
1367 2834 1600 2890 perpetuo
1623 2827 1949 2891 poffidendam
1971 2832 2042 2877 ita
2074 2828 2142 2891 qd

365 2924 535 2971 eadem
558 2920 810 2971 Abbatiffa
832 2928 883 2969 et
918 2921 1202 2969 Conuentus
1237 2915 1403 2966 omnes
1437 2920 1618 2967 frufiims
1654 2921 1973 2968 obuenciones
2008 2921 2139 2968 obla-

364 3017 524 3062 ciones
565 3020 616 3062 et
664 3015 880 3062 redditus
926 3011 1180 3075 quoscunq2,
1229 3011 1289 3058 ad
1340 3010 1513 3059 dictam
1566 3012 1787 3059 vicariam
1837 3013 2134 3074 pertinentes
