3016 3984
217 1748 291 1794 19.

213 2026 290 2069 20.

212 2665 290 2707 21.

323 427 631 490 APPEND1x.]
877 428 971 476 DE
1007 427 1549 479 NORTHBERWIC.
2042 435 2102 482 63

322 561 542 608 tinentiis
576 586 587 597 ·
621 585 633 597 ·
669 587 681 599 ·
717 560 985 608 Reddendo
1019 585 1031 598 ·
1063 586 1075 598 ·
1111 586 1122 598 ·
1167 577 1253 623 pro
1298 563 1496 624 prefatis
1542 563 1714 625 viginti
1758 564 1914 611 tribus
1960 567 2100 612 terris

320 649 596 699 husbandiis
614 655 665 698 et
683 651 881 699 dimidia
898 657 1026 699 terre
1043 651 1306 701 husbandie
1323 654 1558 702 summam
1582 656 1898 718 quadraginta
1914 655 2099 717 septem

320 742 549 790 librarum
572 769 583 780 ·
609 769 620 780 ·
647 770 658 780 ·
682 759 871 790 necnon
887 759 974 806 pro
997 745 1183 806 prefato
1206 745 1388 792 boreali
1411 751 1550 806 prato
1573 750 1624 793 et
1647 744 1707 794 lie
1725 744 1815 794 law
1838 746 2100 793 earundem

319 832 554 882 summam
578 835 747 882 decem
780 834 1011 882 librarum
1035 861 1046 873 ·
1074 864 1084 875 ·
1109 860 1120 872 ·
1144 835 1433 897 duplicando
1468 837 1644 884 dietam
1676 835 1911 883 summam
1945 838 2099 898 primo

319 939 445 972 anno
479 925 706 972 introitus
740 951 751 962 ·
776 953 786 963 -
819 953 829 963 ·
867 925 927 972 In
963 926 1100 987 cujus
1134 928 1203 974 rei
1237 925 1566 975 testimonium
1600 925 1810 990 figillum
1845 943 2100 975 commune

319 1016 518 1078 capituli
563 1018 678 1064 dieti
712 1016 859 1064 nostri
904 1015 1175 1079 monasterij
1223 1033 1428 1064 vnacum
1473 1015 1646 1064 nostris
1679 1016 2100 1080 subscriptionibus

317 1108 621 1156 manualibus
643 1107 943 1170 presentibus
978 1107 1048 1156 est
1081 1107 1342 1171 appensum
1367 1111 1432 1155 24
1453 1107 1486 1155 J
1490 1110 1588 1170 unij
1617 1111 1743 1156 1548
1770 1135 1780 1146 ·
1806 1108 1980 1156 Coram
2007 1109 2099 1155 hiis

317 1197 518 1246 testibus
543 1201 737 1247 domino
757 1201 1026 1248 Cuthberto
1051 1200 1202 1262 Hynd
1226 1199 1473 1261 capellano
1496 1199 1529 1246 J
1532 1200 1721 1247 ohanne
1746 1199 1901 1261 Spens
1925 1198 2099 1246 Archi—

316 1290 460 1337 baldo
491 1288 690 1353 Anguse
714 1290 924 1354 Georgio
947 1291 1170 1339 Trottare
1193 1296 1244 1338 et
1268 1291 1463 1337 domino
1497 1290 1530 1337 J
1533 1291 1682 1338 acobo
1717 1290 1897 1353 Young
1921 1291 2095 1337 vicario

317 1382 378 1428 de
404 1380 597 1429 Fisehik
613 1409 627 1418 ·

890 1470 1514 1535 Subscriptionessbquuntur
1538 1507 1548 1517 .

312 1746 604 1808 Preceptum
629 1751 679 1793 et
703 1743 1079 1792 instrumentum
1102 1741 1250 1790 safine
1274 1742 1414 1806 super
1437 1745 1607 1792 eadem
1631 1750 1763 1792 carta
1785 1770 1795 1781 ·

311 2018 586 2068 Commiffio
632 2020 866 2083 Raynutii
911 2017 1045 2065 tituli
1092 2016 1255 2064 Sanni
1301 2015 1482 2078 Angeli
1533 2014 1795 2078 presbyteri
1842 2017 2093 2064 cardinalis

310 2111 493 2159 direEta
522 2108 760 2173 prepofito
802 2109 1055 2171 collegiate
1102 2108 1161 2153 de
1203 2104 1402 2169 Rossing
1434 2113 1485 2153 et
1526 2107 1707 2154 decano
1743 2106 1996 2169 collegiate
2033 2108 2092 2153 de

309 2201 549 2266 Restalrig
567 2219 621 2250 ae
640 2201 849 2264 Georgio
869 2200 982 2262 Hay
1000 2199 1230 2246 canonico
1248 2198 1439 2259 majoris
1464 2195 1768 2260 Glasguenfis
1787 2196 2091 2246 ecclesiarum

308 2310 394 2355 pro
418 2293 744 2341 confirmanda
767 2292 938 2338 eadem
962 2318 972 2328 -
1000 2291 1159 2336 Rome
1182 2289 1249 2350 iiij
1275 2287 1523 2336 Kalendas
1553 2289 1750 2337 Ostobri
1775 2289 2090 2336 Pontificatus

310 2384 450 2433 Pauli
486 2398 548 2430 111
573 2411 583 2421 -
611 2398 737 2430 anno
762 2383 931 2444 quinto
956 2381 1142 2428 decimo
1167 2414 1179 2426 .
1280 2431 1282 2433 ,

311 2657 625 2705 Confirmatio
661 2656 859 2718 Georgii
894 2654 1007 2716 Hay
1041 2653 1258 2701 canonici
1294 2649 1598 2715 Glasguenfis
1632 2669 1688 2700 ac
1721 2652 1753 2699 J
1757 2653 1956 2700 ohannis
1981 2653 2090 2700 Sin-

308 2748 435 2796 elare
476 2744 673 2794 eoeleste
708 2746 963 2809 collegiate
998 2746 1057 2792 de
1096 2741 1308 2807 Rossyng
1342 2741 1567 2806 prepofiti
1602 2744 1836 2790 difitorum
1872 2743 2089 2791 commis-

306 2837 534 2886 sariorum
559 2838 672 2885 data
697 2840 760 2883 14
782 2836 814 2884 J
818 2837 916 2898 unij
945 2839 1069 2883 1551
1099 2862 1109 2872 ·
