2872 3892
672 405 809 451 xxxii
1420 396 1719 446 TABULA.

745 539 820 587 19.
856 534 1017 581 Adam
1054 531 1274 579 dominus
1310 531 1371 577 de
1406 528 1714 592 Kylconchat
1750 542 1911 575 comes
1950 528 2011 576 de
2039 527 2226 594 Karryc
2247 531 2461 594 resignat

669 629 751 688 jus
772 630 1052 689 patronatus
1075 622 1276 670 ecclesie
1300 620 1360 669 de
1383 618 1690 683 Kylconchat
1706 618 1834 679 quod
1858 618 1919 665 ad
1943 632 1996 666 se
2011 618 2199 669 dixerat
2220 622 2462 684 pertinere

680 725 730 765 et
768 717 1059 779 Magistrum
1090 713 1392 760 Willelmum
1431 711 1629 758 fratrem
1670 723 1811 756 suum
1847 709 1908 756 ad
1946 709 2199 760 ecclesiam
2221 714 2460 774 presenta-

679 814 825 856 verat.
888 805 1033 867 Apud
1057 803 1363 865 Kylconchat
1389 805 1450 848 10
1473 799 1666 847 kalend.
1693 797 1876 855 Martii,
1903 812 2000 847 Aa).
2031 802 2169 850 1266.

840 900 1015 952 Original
1033 903 1075 938 at
1094 898 1296 937 Panmnre.
1351 896 1445 935 Two
1463 896 1508 935 of
1519 896 1586 934 the
1603 895 1700 934 seals
1717 907 1782 935 are
1799 895 1878 935 still
1897 897 2074 938 attached
2087 912 2155 938 :—

843 976 877 1009 1.
916 970 956 1008 A
982 969 1092 1008 small
1119 967 1241 1006 round
1272 967 1362 1014 seal,
1364 977 1442 1005 ·—a
1468 965 1650 1005 mounted
1679 965 1820 1017 knight
1846 966 2037 1020 dropping
2067 968 2128 1007 his
2153 968 2276 1009 shield
2302 969 2416 1009 while
2442 982 2469 1022 ⁸.

784 1041 920 1080 female
945 1040 1064 1090 figure
1087 1038 1218 1088 plants
1245 1050 1269 1075 a
1295 1036 1441 1075 banner
1466 1035 1594 1075 before
1621 1035 1712 1074 him.
1768 1035 1846 1074 His
1871 1036 2005 1086 shield,
2032 1037 2109 1078 and
2136 1038 2202 1078 the
2225 1038 2403 1090 honsings
2430 1039 2472 1077 of

787 1111 846 1149 his
864 1111 984 1155 horse,
1005 1108 1108 1147 show
1123 1120 1236 1152 arms,
1256 1106 1363 1145 three
1381 1105 1564 1157 escallops
1577 1104 1636 1155 (2)

1213 1187 1498 1215 ,emmens
1527 1202 1733 1214 ......
1764 1188 1946 1216 ns...

842 1254 878 1288 2.
908 1250 947 1286 A
961 1248 1071 1287 small
1083 1247 1170 1286 oval
1188 1246 1464 1297 shield‚—-part
1483 1246 1526 1284 of
1539 1260 1563 1284 a
1582 1245 1693 1284 Saint
1705 1245 1875 1285 Andrew
1893 1246 1970 1285 and
1987 1246 2047 1286 his
2064 1247 2185 1286 relies.
2232 1247 2313 1286 The
2332 1248 2478 1304 legend-

788 1321 893 1371 quite
910 1332 1018 1370 gone.

749 1437 825 1479 ⁶20.
861 1430 996 1477 Idem
1022 1429 1227 1477 ratificat
1251 1429 1582 1475 concessiones
1606 1444 1634 1475 a
1658 1426 1896 1474 Duncano
1921 1429 2099 1474 comite
2123 1429 2182 1476 de
2207 1429 2291 1476 Fif
2316 1431 2468 1478 factas

683 1539 824 1585 super
837 1523 948 1583 jure
971 1526 1252 1583 patronatus
1277 1519 1478 1566 ecclesie
1497 1519 1557 1565 de
1581 1518 1889 1580 Kylconchat
1914 1519 2082 1566 eodem
2108 1520 2186 1567 die
2209 1527 2260 1567 et
2282 1521 2401 1567 loco.

843 1611 1017 1662 Original
1037 1615 1077 1649 at
1097 1610 1300 1648 Panmure.
1319 1658 1321 1661 ι

749 1714 826 1755 21.
863 1706 1146 1754 Gamelinus
1183 1707 1433 1766 'episcopus
1466 1703 1515 1750 S.
1541 1703 1739 1750 Andree
1763 1706 2017 1752 confirmat
2041 1707 2242 1753 eandem
2266 1707 2471 1754 ratifica-

683 1803 878 1847 tionem.
952 1798 1099 1859 Apud
1125 1796 1469 1844 Inchmurthac
1497 1799 1556 1841 18
1580 1795 1772 1842 kalend.
1799 1794 1922 1842 Maii
1951 1800 2090 1848 1271.

842 1888 1017 1940 Original
1060 1892 1101 1926 at
1142 1885 1343 1925 Panmure.
1416 1885 1454 1923 A
1483 1886 1557 1923 fine
1584 1884 1774 1935 fragment
1802 1885 1844 1923 of
1873 1885 2018 1937 Bishop
2046 1885 2254 1926 Gamelin's
2287 1886 2470 1925 beautiful

790 1960 867 1998 seal
886 1959 1049 1998 remains
1067 1957 1255 1996 attached.

754 2072 830 2113 22.
866 2067 1108 2113 Robertus
1133 2064 1398 2126 Episcopus
1415 2062 1727 2124 Glasguensis
1746 2068 1796 2108 et
1815 2061 2056 2108 Robertus
2081 2064 2140 2109 de
2165 2062 2288 2109 Brus
2312 2079 2472 2110 comes
2555 2067 2560 2075 “

688 2161 747 2205 de
771 2159 946 2213 Carric,
966 2157 1295 2204 Arbitratores
1318 2157 1446 2200 inter
1470 2152 1702 2199 moniales
1725 2158 1775 2199 et
1791 2151 2066 2199 Gilbertum
2089 2153 2243 2199 filium
2267 2153 2472 2200 Rolandi

688 2251 746 2295 de
771 2249 933 2296 Carric
955 2248 1176 2299 militem,
1200 2247 1251 2291 in
1276 2246 1600 2291 controversia
1631 2259 1773 2305 super
1800 2245 1912 2305 jure
1931 2250 2232 2310 ,patronatus
2273 2246 2474 2292 ecclesie

689 2341 748 2386 de
774 2339 1006 2400 Mayboyl
1026 2344 1076 2384 et
1101 2337 1295 2384 obelata
1318 2344 1445 2382 terre
1470 2337 1529 2382 de
1554 2335 1601 2382 le
1624 2335 1731 2382 Red
1755 2336 1892 2391 hohc,
1916 2342 2202 2397 perpetuum
2228 2337 2474 2383 silentium

690 2434 943 2492 imponunt
963 2430 1213 2483 Gilbert03
1240 2427 1483 2474 Moniales
1500 2432 1664 2473 tamen
1686 2430 1746 2473 40
1769 2441 1952 2474 marcas
1970 2428 2015 2472 ei
2040 2427 2223 2473 solvere
2246 2443 2332 2488 pro
2349 2427 2475 2473 bono

690 2524 819 2583 pacis
834 2522 1070 2568 ordinant.
1141 2519 1289 2580 Apud
1315 2517 1669 2578 Northberwyc
1688 2518 1764 2563 die
1778 2516 1810 2564 J
1813 2518 1914 2564 ovis
1936 2518 2155 2578 proxima
2171 2523 2280 2578 post
2298 2518 2475 2564 festum

693 2613 740 2659 S.
767 2613 985 2674 Dionysii
1010 2612 1341 2670 sociorumque
1366 2609 1482 2669 ejuS.
1555 2611 1695 2654 1285.

853 2710 1026 2761 Original
1045 2715 1086 2748 at
1105 2709 1307 2748 Panmure.
1362 2706 1419 2745 Of
1433 2706 1518 2744 four
1535 2705 1633 2744 seals
1650 2718 1744 2745 once
1762 2705 1973 2757 appended,
1993 2706 2099 2744 three
2118 2705 2262 2744 remain
2279 2706 2402 2744 entire
2414 2720 2479 2743 :—

854 2785 888 2818 1.
918 2779 1062 2830 Bishop
1082 2779 1225 2818 Robert
1244 2775 1504 2830 Wyschard's‚
1523 2776 1640 2827 being
1657 2776 1750 2828 only
1768 2776 1827 2815 his
1845 2777 2099 2816 counter-seal
2118 2776 2160 2815 of
2174 2776 2239 2815 the
2253 2775 2479 2815 miraculous

801 2862 981 2900 recovery
1000 2850 1042 2887 of
1056 2849 1121 2887 the
1141 2847 1305 2894 Queen's
1323 2847 1421 2898 ring.

856 2922 892 2956 2.
920 2918 981 2957 De
1000 2918 1213 2965 Brus’s‚—a
1231 2916 1341 2955 small
1369 2915 1489 2954 round
1509 2916 1600 2965 seal,
1615 2929 1639 2955 a
1654 2916 1775 2956 shield
1794 2917 1837 2955 of
1861 2930 1962 2955 arms
1977 2931 1989 2962 3
2017 2916 2082 2956 the
2100 2915 2240 2963 saltim,
2259 2908 2307 2954 on
2325 2928 2350 2953 a
2367 2914 2477 2961 chief,

802 3002 825 3026 a
842 2989 932 3026 lion.

1154 3070 1185 3095 S.
1207 3069 1386 3095 ROBERTI
1406 3068 1460 3094 DE
1480 3069 1585 3095 BRUS
1603 3068 1768 3095 Gonnus
1786 3068 1840 3095 1³1²:
1859 3068 2023 3096 cnunc.
