3016 3984
870 429 935 474 44
1395 423 1620 473 GARTE
1655 422 2086 473 MONIALIUM

867 557 1172 619 impetrarint
1206 557 1352 604 etiam
1387 554 1424 604 si
1458 572 1544 619 per
1576 571 1657 604 eas
1691 556 1752 603 ad
1791 555 2129 602 inhibitionem
2174 551 2545 601 reseruationem
2591 556 2644 599 et

868 648 1116 695 decretum
1149 646 1231 694 uel
1263 646 1380 694 alias
1413 645 1775 707 quomodolibet
1808 643 1870 692 sit
1901 642 2166 707 processum
2205 645 2378 706 quibus
2421 643 2645 691 omnibus

868 743 920 785 te
943 739 993 784 in
1018 735 1307 784 assecutione
1341 736 1455 782 dieti
1490 733 1784 797 priorisl'atus
1816 734 2042 782 uolumus
2076 735 2302 782 anteferri
2338 732 2419 781 sed
2455 733 2646 780 nullum

869 843 956 890 per
997 828 1090 874 hoc
1135 828 1204 873 eis
1250 825 1408 886 quoad
1460 823 1799 873 assecutionem
1843 822 2197 886 prioriss'atuum
2245 821 2328 871 sen
2378 823 2646 881 beneficimp

869 918 997 973 aliov
1034 916 1352 978 preiudicium
1389 915 1604 976 generari
1640 913 1738 960 Seu
1760 911 1797 960 si
1821 913 2105 960 Venerabili
2127 914 2262 960 fratri
2289 912 2377 960 iiro
2401 911 2648 975 Archie'fio

872 1006 1215 1054 Sanfflandree
1239 1011 1290 1052 et
1317 1005 1516 1066 prefatis
1551 1004 1812 1050 conuentui
1846 1003 1927 1050 uel
1961 1002 2205 1064 quibusuis
2238 1003 2345 1065 alijs
2378 1005 2651 1051 c6muniter

872 1096 952 1143 uel
977 1093 1165 1142 diuisim
1190 1095 1250 1142 ab
1273 1095 1443 1142 eadem
1478 1092 1537 1140 sit
1573 1091 1683 1139 sede
1718 1092 1963 1139 indultum
2000 1090 2068 1153 qd'
2102 1093 2162 1139 ad
2200 1094 2528 1155 receptionem
2567 1093 2647 1141 uel

873 1183 1191 1248 prouisionem
1216 1185 1418 1232 alicuius
1452 1185 1651 1230 minime
1685 1188 1943 1230 teneantur
1976 1189 2027 1230 et
2061 1183 2122 1230 ad
2157 1184 2206 1230 id
2230 1183 2451 1245 compelli
2475 1189 2561 1231 aut
2583 1182 2651 1245 qd

873 1277 1096 1324 interdici
1111 1274 1330 1337 suspendi
1345 1274 1425 1322 uel
1441 1275 1798 1321 excomunicari
1813 1288 1909 1319 non
1924 1269 2099 1334 possint
2111 1270 2222 1334 qdq,
2235 1273 2296 1318 de
2309 1270 2651 1334 prioriss'atibus

875 1365 1143 1413 huiusmodi
1190 1366 1272 1412 uel
1317 1366 1424 1426 alijs
1468 1365 1714 1425 beneficiis
1761 1360 2039 1411 ecciiasticis
2083 1363 2146 1410 ad
2195 1377 2289 1420 eon
2343 1363 2651 1410 collationem

876 1455 1194 1519 prouifionem
1217 1454 1620 1517 presentationem
1644 1454 1926 1501 eleffionem
1950 1452 2033 1500 seu
2056 1454 2275 1513 quamuis
2298 1453 2441 1500 aliam
2465 1451 2655 1516 disposi-

877 1549 1061 1594 tionem
1081 1548 1372 1594 coniunctim
1392 1546 1472 1592 uel
1486 1543 1738 1606 separatim
1754 1542 2077 1605 spectantibus
2094 1542 2216 1589 nulli
2233 1543 2395 1590 ualeat
2411 1545 2651 1605 prouideri
2682 1584 2686 1587 μ

879 1655 965 1700 per
988 1638 1175 1685 litteras
1198 1638 1377 1700 aplicas
1400 1653 1498 1683 non
1523 1637 1753 1683 facientes
1775 1634 1969 1696 plenam
1994 1639 2045 1680 et
2069 1631 2328 1695 expressam
2349 1650 2404 1682 ac
2429 1636 2488 1682 de
2505 1637 2654 1683 uerbo

880 1730 940 1776 ad
963 1729 1166 1775 uerbum
1189 1730 1249 1775 de
1272 1728 1461 1774 indulto
1482 1728 1616 1774 huioi
1639 1727 1938 1773 mentionem
1961 1730 2012 1771 et
2035 1725 2250 1786 qualibet
2272 1726 2366 1772 alia
2389 1727 2512 1774 dffie
2534 1727 2656 1775 sedis

882 1820 1184 1881 indulgentia
1228 1818 1442 1881 generali
1485 1817 1567 1864 uel
1600 1816 1789 1878 speciali
1825 1814 2098 1878 cuiuscunq,
2129 1818 2308 1863 tenoris
2354 1817 2528 1865 existat
2573 1835 2660 1881 per

883 1925 1026 1970 quam
1050 1908 1347 1970 presentibus
1370 1924 1467 1955 non
1486 1905 1751 1969 expressam
1769 1907 1849 1954 uel
1868 1907 2086 1954 totaliter
2103 1923 2199 1954 non
2217 1907 2440 1956 insertam
2461 1909 2656 1957 effefims

884 1999 1154 2046 huiusmodi
1178 2000 1336 2060 gracie
1367 1999 1588 2059 impediri
1619 1997 1781 2043 ualeat
1815 1997 2175 2058 quomodolibet
2198 1998 2278 2045 uel
2303 1999 2478 2046 differri
2510 2008 2561 2048 et
2599 2003 2658 2049 de

884 2105 979 2150 qua
1002 2087 1177 2151 cuiusq-‚
1198 2095 1304 2136 toto
1327 2094 1496 2135 tenore
1518 2087 1738 2134 habenda
1760 2084 1819 2134 sit
1843 2088 1893 2133 in
1916 2086 2014 2133 ‘siris
2038 2087 2214 2134 litteris
2236 2091 2420 2136 mentio
2443 2089 2658 2151 specialis

886 2179 1027 2226 Nulli
1050 2195 1162 2242 ergo
1187 2180 1382 2225 omnino
1403 2179 1655 2225 hominum
1673 2177 1818 2225 liceat
1841 2178 1966 2225 hanc
1988 2179 2211 2240 paginam
2241 2178 2327 2226 fire
2349 2178 2660 2228 absolutionis

887 2270 1156 2317 collationis
1190 2267 1473 2330 prouifionis
1508 2269 1688 2315 decreti
1725 2274 1775 2315 et
1808 2269 2022 2315 mandati
2057 2270 2316 2331 infringere
2349 2271 2430 2318 uel
2465 2273 2509 2318 ei
2544 2271 2659 2319 ausu

887 2361 1142 2406 temerario
1188 2361 1425 2406 contraire
1473 2359 1632 2419 Siquis
1671 2363 1834 2404 autem
1878 2359 1970 2405 hoc
2004 2364 2294 2420 attemptare
2327 2359 2663 2422 presumpserit

890 2451 1271 2512 indignationem
1295 2450 1638 2510 omnipotentis
1670 2448 1764 2494 Dei
1801 2463 1857 2495 ac
1887 2448 2066 2505 beatos}
2098 2448 2231 2495 Petri
2266 2455 2316 2496 et
2352 2449 2491 2497 Pauli
2514 2451 2661 2514 afilo‘n

891 2542 993 2587 eius
1017 2539 1064 2587 se
1092 2542 1282 2588 nouerit
1306 2539 1605 2587 incursurum
1630 2538 1729 2586 Dat
1753 2538 1909 2584 Rome
1934 2538 2061 2599 apud
2086 2537 2512 2601 Sanfitumpetrum
2536 2557 2662 2589 anno

894 2630 1245 2679 Incarnationis
1270 2632 1509 2678 dominice
1532 2628 1793 2681 millesimo
1817 2625 2200 2690 quingentesimo
2233 2627 2460 2678 uicesimo
2494 2633 2664 2693 quinto

897 2725 1070 2770 Quarto
1095 2720 1212 2767 Nofi
1234 2722 1354 2782 maij
1381 2721 1699 2767 Pontificatus
1723 2718 1797 2766 firi
1821 2733 1946 2766 anno
1970 2718 2195 2766 Secundo
2219 2749 2231 2760 ·

2999 2043 3006 2060 t

2999 2085 3006 2114 1

2998 2120 3005 2130 ,

2996 2154 3009 2242 l?

2997 2245 3006 2273 ἰ

2999 2279 3005 2298 ⁸.

2996 2319 3006 2335 ε

2989 2340 3005 2356 «.
