3016 3984
845 411 906 455 28
1385 400 1610 452 cAR'rE
1645 400 1882 450 MONIA
1889 401 2075 450 LIUM

840 536 1072 600 plicandis
1102 549 1214 582 cum
1240 534 1527 583 mercandiis
1550 538 1601 580 et
1623 532 1762 580 bonis
1785 532 2064 581 carcandis!
2087 529 2152 580 fic
2174 531 2304 594 quod
2337 528 2611 592 custumarij

840 605 1078 675 tronarius
1107 630 1157 671 et
1190 629 1329 671 trona
1361 638 1447 685 pro
1481 622 1602 670 lanis
1636 621 1956 682 ponderandis
1987 618 2082 669 sint
2114 622 2295 669 ibidem
2327 621 2613 668 au&oritate

840 715 924 764 sua
941 729 958 764 s
978 720 1121 778 prout
1143 716 1194 762 in
1216 714 1321 762 aliis
1343 714 1479 775 regni
1502 712 1734 774 portubus
1757 717 1809 759 et
1831 712 1995 775 burgis
2021 712 2202 760 habent
2219 725 2236 760 s
2263 719 2407 775 prout
2439 713 2531 761 hec
2563 718 2616 760 et

843 807 938 855 alia
974 808 1025 853 in
1058 802 1203 867 ipfius
1238 803 1419 850 domini
1453 799 1602 849 nostri
1637 801 1785 863 Regis
1819 801 1971 848 literis
2005 802 2142 850 nobis
2175 803 2352 851 exinde
2383 803 2616 851 confeffis

841 897 1031 959 plenius
1066 895 1376 941 continentur
1404 905 1421 939 s
1455 891 1506 938 N
1510 892 1704 938 overitis
1751 891 1879 952 quod
1922 905 2010 938 nos
2048 906 2135 953 pro
2168 893 2306 940 nobis
2351 900 2404 941 et
2446 892 2618 941 nostris

841 986 1097 1034 heredibus
1133 984 1184 1030 in
1218 983 1313 1029 fide
1349 988 1400 1028 et
1433 981 1670 1028 fidelitate
1703 980 1875 1042 quibus
1909 981 2035 1029 dicto
2069 981 2264 1029 domino
2296 981 2458 1030 nostro
2492 982 2617 1046 Regi

843 1084 1066 1124 tenemur
1102 1073 1428 1135 promittimus
1473 1087 1560 1133 per
1595 1069 1841 1133 presentes
1878 1071 2006 1132 quod
2046 1073 2426 1135 quandocunque
2464 1071 2617 1121 visum

844 1166 988 1212 fuerit
1023 1165 1148 1210 ᾶὶἃο
1183 1162 1376 1208 domino
1410 1159 1572 1208 nostro
1607 1161 1731 1224 Regi
1766 1161 1844 1208 vel
1878 1162 2132 1210 heredibus
2164 1163 2258 1211 suis
2282 1171 2334 1212 et
2357 1166 2618 1212 eorundem

845 1253 1037 1303 confilio
1060 1251 1198 1314 super
1219 1252 1310 1299 hoc
1334 1252 1499 1299 habito
1519 1264 1535 1298 s
1558 1252 1685 1312 quod
1710 1250 1942 1299 conceffio
1965 1253 2104 1299 nobis
2129 1251 2191 1300 fic
2222 1254 2348 1302 fasta
2383 1256 2443 1302 de
2481 1257 2618 1304 diais

844 1351 986 1408 portu
1005 1357 1021 1391 s
1044 1340 1294 1390 custumas
1317 1340 1616 1388 custumariis
1636 1354 1652 1389 s
1674 1343 1896 1389 tronariis
1914 1348 1966 1389 et
1983 1348 2123 1390 trona
2143 1355 2157 1385 s
2179 1340 2238 1391 fit
2264 1345 2520 1406 dampnosa
2542 1346 2620 1394 vel

844 1435 1123 1483 notabiliter
1156 1434 1327 1479 nociva
1360 1429 1446 1494 ipfi
1482 1433 1675 1492 domino
1713 1431 1872 1479 nostro
1908 1432 2032 1496 Regi
2065 1446 2081 1481 s
2114 1419 2370 1482 heredibus
2405 1434 2500 1483 suis
2533 1442 2620 1484 aut

846 1524 1182 1572 communitati
1215 1521 1298 1568 sue
1327 1535 1343 1569 s
1376 1522 1499 1569 infra
1532 1522 1707 1584 burgos
1743 1523 1820 1569 vel
1855 1528 1994 1570 extra
2026 1537 2042 1571 s
2069 1522 2218 1585 ipsam
2248 1524 2522 1573 libertatem
2556 1525 2622 1575 fic

845 1616 982 1662 nobis
1017 1609 1279 1661 conceffam
1314 1627 1399 1673 per
1433 1613 1594 1659 omnia
1627 1618 1678 1659 et
1713 1613 1764 1659 in
1800 1613 2021 1660 omnibus
2066 1611 2409 1676 resignabimus
2454 1622 2506 1664 et
2549 1633 2624 1664 re-

845 1708 1096 1766 mittemus
1126 1719 1181 1750 ac
1205 1703 1429 1750 coketam
1454 1708 1504 1749 et
1529 1703 1737 1749 officium
1762 1701 2158 1751 custumariorum
2182 1707 2442 1753 eorundem
2476 1713 2622 1769 atque

846 1803 985 1843 trone
1024 1791 1202 1840 sursum
1235 1793 1491 1839 reddemus
1525 1789 1625 1839 fine
1660 1791 1838 1839 offensa
1882 1791 2188 1855 displicencia
2233 1795 2311 1841 vel
2357 1797 2623 1843 contradic-

844 1888 977 1934 tione
1024 1899 1306 1946 quacunque
1351 1898 1414 1929 ex
1458 1888 1595 1943 parte
1640 1880 1801 1930 nostra
1840 1895 1858 1930 s
1902 1883 2125 1944 quodque
2171 1898 2234 1930 ex
2278 1889 2396 1931 tunc
2442 1887 2621 1934 virtute
2687 1937 2694 1947 ,

849 1973 1156 2024 conceffionis
1195 1974 1406 2035 predi8oe
1453 1973 1662 2033 aliquam
1697 1974 1975 2020 libertatem
2014 1989 2112 2020 non
2148 1974 2501 2022 vendicabimus
2535 1974 2624 2022 nifi

849 2067 965 2114 alias
987 2066 1134 2112 fuerit
1158 2064 1295 2110 nobis
1325 2064 1384 2110 de
1413 2079 1538 2109 novo
1575 2062 1842 2110 concefl'um
1876 2089 1887 2100 ·
1922 2063 1984 2110 In
2018 2064 2153 2125 cujus
2187 2065 2257 2111 rei
2296 2063 2625 2113 testimonium

850 2155 1058 2220 figillum
1091 2153 1305 2202 nostrum
1333 2144 1630 2215 presentibus
1654 2153 1724 2201 est
1758 2153 2017 2216 appensum
2041 2156 2167 2216 apud
2195 2155 2217 2218 [
2354 2154 2377 2217 ]
2404 2155 2625 2203 vicesimo

852 2248 986 2295 sexto
1011 2249 1088 2295 die
1110 2244 1285 2294 menfis
1308 2245 1490 2308 Aprilis
1514 2262 1640 2293 anno
1667 2245 1865 2294 Domini
1883 2244 2135 2294 millefimo
2159 2251 2257 2295 ccc⁰
2279 2245 2625 2310 septuagefimo

851 2340 996 2386 tertio
1021 2365 1032 2376 ·

853 2612 1103 2674 Obligacio
1125 2626 1211 2672 pro
1234 2610 1371 2657 firma
1394 2607 1592 2657 ecclesie
1616 2610 1676 2656 de
1705 2609 1937 2671 Maboyle
1959 2633 1971 2646 ·

759 2797 835 2844 26,
856 2792 1029 2838 Pateat
1056 2772 1207 2838 vniiiss
1240 2807 1274 2852 p
1307 2779 1502 2853 {isentes
1535 2806 1615 2837 me
1650 2790 1891 2852 Gylbertii
1937 2790 2115 2837 kenedi
2154 2789 2209 2836 fii
2240 2797 2275 2836 ’ἲ
2306 2787 2456 2836 hered
2488 2787 2630 2837 Johis

854 2882 1031 2928 kenedi
1055 2883 1210 2927 teneri
1231 2889 1265 2927 z
1288 2861 1451 2927 fideli?
1475 2881 1676 2942 obligari
1699 2878 1884 2942 p20riffe
1905 2887 1939 2926 *e
1962 2881 2054 2927 seis
2076 2879 2330 2940 monialib3
2352 2880 2413 2926 de
2445 2877 2632 2926 North-

855 2966 1072 3032 bereWyc
1095 2972 1146 3017 in
1170 2971 1342 3032 viginti
1376 2986 1462 3018 sex
1496 2971 1589 3017 lib?
1618 2976 1814 3018 monete
1848 2969 2001 3018 scocie
2033 2986 2074 3031 ,p
2103 2970 2241 3018 firma
2273 2971 2405 3018 eccie
2439 2970 2499 3017 de
2531 2985 2631 3018 ma-
