3016 3984
1050 402 1281 452 INDEX
1319 403 1693 456 NOMINUM.
2261 416 2322 462 93

435 527 534 576 Ker,
550 527 741 578 Andreas,
758 529 807 570 de
825 529 1072 584 Fornyherst„
1095 537 1159 573 40.

360 621 369 628 -
435 620 542 630 —-
567 598 773 650 Johannes,
793 600 894 640 filius
911 601 1082 651 Andree,
1100 602 1149 643 de
1167 603 1320 657 Flu-ny-

485 667 602 717 herst,
623 673 688 710 40.
1010 676 1013 678 ’

433 737 624 788 Kilbride,
640 752 802 791 persona
819 739 879 789 de,
899 740 1108 791 Johannes,
1128 747 1166 786 7.

431 808 649 857 Kilmerou,
662 809 941 862 (Kouma-on)
954 811 1118 853 Thomas
1129 813 1190 861 de,
1199 818 1236 862 9,
1254 820 1270 854 1
1281 820 1298 853 1
1305 844 1315 854 .

430 877 661 926 Knelandis,
679 879 822 930 Adam,
843 883 905 922 60.

430 947 600 996 Knollis,
619 948 850 1000 willelmus,
870 956 994 992 rector
1016 951 1065 992 de
1092 952 1311 1003 Quhstsum,

484 1022 547 1068 32,
568 1023 632 1059 33.

429 1089 690 1143 Kylconchat,
709 1091 884 1131 dominus
901 1092 962 1141 de,
976 1092 1108 1132 Adam
1121 1107 1245 1135 comes
1263 1096 1311 1136 de

482 1159 641 1213 Carryc,
662 1161 746 1201 vide
765 1161 911 1202 Carrio.

426 1372 559 1420 Lamb,
580 1366 840 1422 Jacobus,'39.

561 1443 762 1492 Robertus,
785 1448 847 1493 80,
868 1449 931 1484 81.

425 1511 624 1562 Lastalric,
646 1513 892 1568 (Restalrig,)
909 1515 1127 1566 capellanus
1145 1516 1205 1565 de,
1226 1517 1306 1555 Ed-

478 1584 641 1631 wardus,
664 1589 726 1623 12.

558 1655 723 1694 decanus
740 1656 799 1704 de,
821 1660 885 1703 61,
907 1660 971 1697 63.

423 1747 530 1756 --—
559 1725 773 1764 Edwardus
791 1726 849 1774 de,
873 1731 933 1765 12.

422 1795 597 1844 Lawder,
617 1796 801 1846 (Lauder,
822 1796 999 1848 Laudir,)
1020 1796 1226 1845 Johannes,
1247 1802 1311 1838 39.

556 1865 583 1904 J
585 1867 762 1915 ohannes,
792 1867 1077 1906 archidiaconus
1095 1867 1304 1916 Tevfflalie,

477 1941 540 1978 57.

558 2007 760 2054 Robertus,
781 2012 845 2048 39.

556 2078 760 2124 Robertus,
779 2079 1008 2130 capellanus,
1025 2084 1088 2119 60.
1127 2109 1141 2123 .

556 2148 759 2196 Robertus,
779 2149 954 2188 dominus
982 2149 1113 2189 Iusule
1140 2150 1188 2190 de
1217 2149 1306 2197 Bas,

476 2222 540 2267 38,
560 2223 623 2267 62,
644 2222 782 2267 74-76,
803 2222 868 2266 79,
890 2224 1026 2260 82-84.

421 2313 529 2321 —--·
557 2290 714 2336 Robert,
729 2304 902 2342 younger
915 2291 958 2330 of
968 2291 1033 2331 the
1047 2290 1138 2340 Bas,
1154 2294 1219 2338 67,
1238 2294 1303 2333 72.

423 2383 529 2391 ·——
556 2361 732 2408 Thomas,
748 2365 813 2403 75.

556 2431 785 2479 Willelmus,
813 2435 876 2474 67.

422 2501 631 2549 Leventen,
651 2501 761 2541 dame
780 2502 959 2551 Katrine,
980 2506 1043 2542 60.

421 2571 695 2623 Levingstoun,
716 2571 921 2620 Johannes‚
941 2572 988 2612 de
1008 2571 1228 2620 Saltcoittis,
1249 2574 1312 2612 62.

421 2641 546 2688 Lidel,
567 2642 754 2681 Ricardus
771 2643 831 2690 de,
852 2646 888 2681 9.

422 2712 561 2757 Littill,
582 2712 714 2760 Elene,
737 2716 801 2752 84.

555 2782 694 2829 Jhone,
714 2786 778 2822 84.

421 2852 583 2900 Lochor,
603 2852 879 2891 Constantinus
896 2852 955 2902 de,
976 2858 1012 2892 6.

421 2921 589 2969 Lundin,
608 2922 772 2961 Thomas
785 2922 844 2971 de,
865 2926 928 2961 11.

422 2991 631 3041 Lundores,
650 2992 767 3031 abbas
784 2992 844 3041 de,
865 2991 995 3038 Wido,
1014 2995 1052 3033 7.

1429 534 1674 585 Lutherdde,
1695 535 1897 586 Robertus,
1926 542 1991 579 34.

1427 767 1535 777 —-
1561 744 1766 793 Robertus,
1786 748 1851 795 56,
1872 748 1936 788 75.

1421 953 1713 1008 Macgilwynin,
1733 955 1915 1008 Nigillus,
1940 961 2002 1006 13,
2026 962 2088 997 14.

1424 1023 1674 1074 Mackenede,
1693 1026 1889 1076 Marthau,
1912 1031 1974 1067 14.

1419 1093 1606 1143 Maleuill,
1630 1095 1857 1135 Maloolmus
1875 1097 1935 1145 de,
1958 1102 1993 1137 9.

1423 1163 1655 1213 Marcaldus,
1670 1166 1876 1215 «Iohannes,
1895 1172 1930 1207 9.

1420 1234 1547 1274 Maria
1566 1236 1728 1288 Regina,
1745 1241 1809 1277 49.

1422 1305 1607 1355 Medicus,
1627 1306 1829 1355 Hem-icus,
1850 1312 1887 1346 8.

1554 1377 1737 1427 magister
1755 1377 1884 1429 Hugo,
1901 1382 1936 1417 9.

1553 1446 1683 1498 Regis,
1702 1448 1884 1498 magister
1903 1449 2107 1498 Martinus,
2125 1454 2162 1496 9,
2186 1454 2245 1488 10.

1416 1515 1604 1564 Menteth,
1628 1517 1818 1556 Robertus
1835 1518 1894 1565 de,
1915 1519 2097 1566 notarius,
2118 1523 2181 1558 34.

1420 1585 1596 1635 Melrose,
1617 1587 1732 1626 abbas
1750 1588 1810 1634 de,
1830 1588 2068 1640 Radulphus‚
2089 1594 2126 1628 4.

1419 1656 1663 1706 Merlesuein,
1684 1657 1897 1698 Waldeuus
1915 1660 2029 1706 filius,
2049 1663 2087 1698 9.

1418 1726 1703 1775 Merleswanm,
1731 1733 1767 1767 6.

1420 1797 1631 1845 Mertimer,
1654 1798 1862 1837 Nicholaus
1881 1799 1939 1846 de,
1962 1803 2024 1838 25.

1414 1867 1652 1921 M‘Gachyn,
1672 1869 1699 1906 J
1701 1869 1879 1916 ohannes,
1900 1873 1963 1909 34.

1416 1937 1595 1986 Michael,
1615 1938 1784 1987 clericus,
1807 1943 1844 1985 5,
1863 1943 1925 1978 12.

1420 2007 1608 2055 Moravia,
1627 2009 1806 2049 Andreas
1824 2009 1883 2057 de,
1906 2014 1940 2048 9.

1415 2078 1679 2127 Moraviensie‚
1701 2080 1907 2119 Precentor
1924 2080 2091 2128 ecclesie,
2113 2085 2175 2119 61.

1417 2148 1601 2197 Morison,
1622 2149 1809 2198 Andreas,
1832 2154 1895 2190 33.

1416 2219 1576 2268 Mothel‚
1599 2219 1802 2272 (Mothle‚)
1823 2220 2017 2259 Keledeus
2044 2221 2104 2266 de,
2135 2220 2296 2258 Malcol-

1465 2303 1561 2337 mus,
1582 2293 1618 2332 7.

1550 2360 1744 2399 Keledeus
1763 2359 1822 2408 de,
1843 2359 2010 2407 Sithaeh,
2031 2364 2066 2402 7.

1547 2445 1707 2482 persona
1724 2431 1784 2477 de,
1803 2431 1982 2479 Michael,
2004 2434 2041 2474 7.

1546 2501 1651 2552 prior
1669 2501 1926 2540 Keledeorum
1944 2501 2003 2549 de,
2025 2501 2210 2551 Malkirg,
2234 2505 2294 2539 12.

1547 2571 1651 2623 prior
1669 2571 1927 2610 Keledeorum
1946 2572 2005 2620 de,
2027 2572 2185 2623 Malpol,
2203 2575 2240 2614 7.

1411 2641 1604 2689 Murthac,
1623 2642 1862 2688 senescallus,
1880 2646 1916 2681 3.

1410 2850 1451 2890 N
1452 2851 1557 2899 eafle,
1579 2850 1787 2890 Gervasius
1805 2851 1863 2899 de,
1882 2855 1919 2890 9.
1971 2869 1980 2878 ·

1411 2920 1538 2960 Nesus
1555 2921 1656 2960 filius
1675 2921 1875 2970 Willelmi,
1900 2925 1936 2960 6.

1409 2990 1601 3038 Neuham,
1620 2990 1840 3031 Willelmus
1857 2991 1917 3039 de,
1935 2991 2169 3043 templarius,
2190 2995 2226 3030 6.
