3016 3984
756 401 817 448 94
1371 395 1601 445 INDEX
1646 396 2022 448 NOMINUM.

762 526 994 572 Newbattle,
1014 525 1076 577 (Ν
1077 525 1268 574 oubothle,
1285 525 1504 576 NeubotiL)
1529 526 1645 568 abbas

816 597 876 645 de,
896 595 1059 644 Alanus,
1077 599 1139 636 10.

894 665 1010 707 abbas
1029 665 1088 714 (10,
1106 665 1225 706 frater
1243 665 1472 716 Willelmus,
1494 671 1556 706 15.

764 736 987 784 Nieolsoun,
1007 734 1213 781 Esuriens,
1233 737 1298 776 82.

767 806 946 854 Norhais,
966 805 1206 853 Maloolmus,
1229 809 1290 847 17.

764 876 804 914 N
805 876 947 923 orham,
967 874 1159 914 Henrieus
1177 874 1236 922 de,
1254 879 1315 917 17.

764 946 805 984 N
806 945 980 992 ortensis,
1000 944 1232 992 Willelmus,
1252 948 1289 983 9.

764 1014 1040 1062 Northberwie,
1059 1013 1225 1053 abatissa
1243 1014 1304 1061 de,
1323 1018 1387 1062 47,
1409 1019 1473 1053 48.

895 1084 1076 1135 magister
1090 1084 1149 1131 de,
1173 1088 1236 1122 15.

763 1177 869 1185 -—-
896 1154 1087 1205 magister,
1107 1153 1134 1191 J
1135 1152 1273 1192 aoobus
1290 1152 1349 1201 de,
1365 1156 1429 1192 31.

763 1246 870 1253 -——-
897 1223 1076 1274 magister
1094 1222 1316 1261 monialium
1333 1222 1394 1269 de,
1424 1226 1488 1265 27.

896 1294 1078 1332 moniales
1095 1293 1154 1341 de,
1171 1293 1322 1344 passim.

764 1387 870 1393 ——
896 1364 1000 1414 prior
1018 1364 1076 1412 de,
1095 1363 1273 1410 Jacobus,
1298 1367 1334 1403 9.

762 1457 869 1464 ——
895 1434 1073 1484 priorissa
1090 1434 1150 1480 de,
1173 1437 1307 1481 15-20,
1329 1436 1394 1479 22,
1415 1437 1478 1482 24,
1494 1437 1558 1482 26,
1578 1438 1648 1473 28-

819 1509 880 1551 30,
902 1507 969 1546 37.

895 1574 1073 1624 priorissa
1090 1574 1150 1619 de,
1169 1574 1333 1612 Alisona
1351 1573 1490 1622 Home,
1507 1577 1645 1619 38-42,

819 1647 882 1682 46.

898 1714 1076 1764 priorissa
1093 1713 1154 1761 de,
1174 1713 1297 1752 Elena
1314 1713 1362 1752 de
1381 1713 1527 1759 Carrio,
1549 1716 1611 1752 29.

760 1875 868 1883 ———·
894 1854 1071 1904 priorissa
1082 1853 1141 1900 de,
1158 1852 1322 1892 Isabella
1338 1853 1480 1900 Hume,
1498 1857 1560 1900 40,
1583 1857 1646 1898 41,

816 1928 879 1971 45,
902 1928 963 1970 46,
986 1928 1050 1971 49,
1070 1927 1134 1971 50,
1157 1927 1221 1971 55,
1242 1927 1305 1970 56,
1327 1927 1391 1970 58,
1411 1927 1476 1970 59,
1498 1926 1562 1968 65,
1584 1928 1647 1968 68,

817 1999 880 2041 69,
902 1998 965 2035 70.

894 2063 1072 2114 priorissa
1089 2063 1149 2108 de,
1170 2062 1393 2113 Margareta
1412 2062 1561 2108 vam,
1581 2067 1644 2110 49,

817 2138 880 2181 59,
903 2138 965 2180 61,
988 2136 1051 2179 62,
1073 2136 1210 2179 66-73‚
1230 2136 1296 2181 76,
1315 2136 1380 2181 78,
1401 2136 1465 2179 79,
1487 2137 1624 2172 82-85.

760 2226 868 2234 -—-
894 2202 1072 2254 priorissa
1096 2202 1155 2249 de,
1177 2202 1344 2241 Mariota
1363 2203 1546 2255 Ramsay,
1576 2206 1647 2242 32—

815 2279 879 2313 34.

896 2343 1082 2382 Rieardus
1128 2343 1348 2394 capellanus
1393 2343 1432 2383 S.
1484 2344 1641 2383 Andree

813 2415 872 2459 de,
896 2418 931 2452 6.

893 2484 1135 2536 subprioress‚
1143 2484 1252 2523 dame
1261 2483 1414 2524 Marion
1421 2484 1575 2534 Howm,
1591 2489 1653 2525 60.

893 2555 1056 2594 vicarius
1073 2554 1132 2602 de,
1149 2554 1370 2594 Alexander
1389 2555 1506 2602 Wod,
1526 2558 1592 2597 72.

891 2624 1054 2663 vicarius
1073 2624 1131 2671 de,
1154 2623 1273 2674 Hugo
1291 2625 1519 2676 capellanus,
1537 2629 1572 2664 9.

762 2834 922 2880 Odinus,
944 2838 1003 2875 17.
1088 2859 1103 2868 .

762 2903 908 2951 Olifeir,
928 2903 1129 2951 Robertus,
1145 2907 1210 2946 73.

758 2974 865 3020 Orm,
886 2973 984 3012 filius
1003 2973 1194 3023 Hugonis,
1215 2977 1252 3012 6.

894 1784 1072 1834 priorissa
1082 1784 1140 1831 de,
1156 1782 1329 1822 Elizabet
1343 1783 1520 1831 Forman,
1534 1787 1671 1825 34-37.

1753 527 2025 580 Palmairsone,
2041 530 2218 580 Thomas,
2238 535 2304 572 60.

1757 598 2004 648 panormum,
2021 601 2206 650 Abeona,
2222 606 2286 642 85.

1887 669 2124 719 Alexander,
2144 675 2210 712 60.

1887 739 2024 788 Johne,
2043 744 2107 789 85,
2126 745 2193 781 86.

1756 807 1912 855 Paulus,
1930 823 2033 861 papa
2049 809 2144 860 111,
2162 815 2230 857 49,
2249 814 2313 850 61.

1755 876 1860 923 Pius,
1879 891 1982 929 papa
1999 878 2072 927 IL,
2090 883 2155 919 32.

1754 945 1984 999 Penykuke,
2019 948 2287 1002 (Penyeuylg)
2317 948 2542 990 Alexander
2569 948 2631 994 de,

1811 1016 1975 1056 vicarius
1990 1017 2038 1057 de
2060 1017 2339 1070 Kileonquhar,
2357 1022 2423 1058 32.

1889 1085 2084 1126 Johannes
2100 1086 2161 1134 de,
2179 1087 2346 1136 scutifer,
2370 1092 2435 1128 31.

1754 1154 1837 1203 Pol,
1855 1155 1974 1194 frater
1992 1155 2170 1208 Gregorii
2187 1170 2360 1208 persone,
2386 1161 2425 1200 7.

1757 1223 1940 1271 Polwart,
1960 1225 2134 1265 dominus
2152 1226 2212 1274 de,
2233 1229 2298 1266 66.

1753 1293 1939 1343 Pontone,
1961 1295 2188 1345 (Pantone,)
2217 1296 2327 1335 dame
2353 1296 2540 1349 Alysone,
2569 1299 2634 1342 57,

1812 1369 1876 1412 60,
1897 1368 1960 1404 65.

1890 1434 2000 1473 dame
2019 1434 2188 1483 Ezobell,
2208 1439 2273 1484 57,
2294 1440 2357 1475 65.

1757 1505 1937 1553 Primros,
1958 1505 2158 1556 Georgius,
2173 1509 2236 1544 46.

1755 1575 1899 1627 Purdy,
1921 1575 2123 1622 Robertus,
2144 1579 2208 1616 60.

1758 1785 1892 1831 Qum,
1913 1784 1974 1823 Sir
1991 1784 2226 1831 Alexander,
2251 1788 2314 1824 84.

1756 1855 1902 1903 Quilta,
1922 1855 2072 1908 Helyas
2089 1855 2147 1903 de,
2170 1859 2231 1897 17.

1756 2065 1942 2117 Ramsay,
1957 2065 2239 2118 (Rammisseia,
2259 2064 2448 2114 Ramesia,
2469 2066 2638 2120 Ramey-

1805 2135 1873 2181 sia,
1894 2134 2140 2188 Ramyssey,)
2160 2135 2300 2184 Adam,
2321 2140 2387 2183 36,
2407 2139 2471 2177 37.

1887 2205 2076 2252 Andreas,
2095 2210 2218 2245 rector
2235 2205 2283 2245 de
2303 2205 2548 2256 Ochterdera,
2567 2212 2631 2248 33.

1751 2298 1857 2305 —-
1884 2275 1994 2315 dame
2013 2275 2160 2326 Agnes,
2180 2279 2245 2321 57,
2263 2280 2326 2323 60,
2347 2281 2411 2317 65.

1751 2367 1854 2376 ——
1880 2345 2023 2392 David,
2043 2348 2106 2393 32,
2126 2349 2191 2385 33.

1886 2414 2127 2463 Duneeanus,
2147 2415 2204 2464 de,
2228 2419 2276 2457 17
2281 2445 2289 2454 .

1883 2484 2090 2532 Johannes,
2110 2489 2173 2533 36,
2193 2489 2257 2528 3¹7.

1752 2577 1857 2586 ————
1885 2555 2064 2606 magister
2082 2554 2220 2595 Petrus
2238 2556 2298 2605 de,
2317 2560 2383 2598 17..

1885 2625 2079 2673 Mai-lotta,
2099 2626 2279 2676 priorissa
2287 2626 2335 2668 de
2351 2627 2630 2677 Northberwic,

1803 2694 1887 2732 vide
1907 2694 2183 2734 Northberwie.

1880 2765 2025 2804 Nessus
2043 2765 2102 2813 de,
2125 2769 2163 2811 9,
2185 2770 2244 2814 11,
2269 2770 2330 2812 17,
2350 2771 2414 2806 31.

1751 2857 1854 2863 --
1882 2834 2032 2882 Petrus,
2051 2834 2152 2873 filius
2165 2834 2294 2875 Nessii
2312 2836 2373 2882 de,
2393 2841 2458 2877 31.

1881 2904 2112 2950 Willelmus,
2132 2905 2232 2944 filius
2249 2906 2364 2946 Nessi
2381 2907 2442 2954 de,
2456 2912 2520 2947 31.

1749 2975 1939 3022 Rantone,
1965 2975 2074 3015 dame
2094 2974 2247 3022 hohen,
2268 2980 2333 3023 60,
2351 2980 2416 3017 65.
