<?xml version="1.0" encoding="UTF-8"?>
<!DOCTYPE html PUBLIC "-//W3C//DTD XHTML 1.0 Transitional//EN"
    "http://www.w3.org/TR/xhtml1/DTD/xhtml1-transitional.dtd">
<html xmlns="http://www.w3.org/1999/xhtml" xml:lang="en" lang="en">
 <head>
  <title>
</title>
<meta http-equiv="Content-Type" content="text/html;charset=utf-8" />
  <meta name='ocr-system' content='tesseract 3.04.00' />
  <meta name='ocr-capabilities' content='ocr_page ocr_carea ocr_par ocr_line ocrx_word'/>
</head>
<body>
  <div class='ocr_page' id='page_1' title='image "./cartemonialiumde00nortuoft_0110.png"; bbox 0 0 3016 3984; ppageno 0'>
   <div class='ocr_carea' id='block_1_1' title="bbox 930 392 2690 458">
    <p class='ocr_par' dir='ltr' id='par_1_1' title="bbox 930 392 2690 458">
     <span class='ocr_line' id='line_1_1' title="bbox 930 392 2690 458; baseline 0.002 -19"><span class='ocrx_word' id='word_1_1' title='bbox 930 395 989 440; x_wconf 88' lang='lat'><strong>56</strong></span> <span class='ocrx_word' id='word_1_2' title='bbox 1469 392 1694 441; x_wconf 86' lang='lat' dir='ltr'><strong>CARTE</strong></span> <span class='ocrx_word' id='word_1_3' title='bbox 1729 392 1963 441; x_wconf 91' lang='grc' dir='ltr'>ΜΟΝΙΑ</span> <span class='ocrx_word' id='word_1_4' title='bbox 1971 393 2153 442; x_wconf 92' lang='lat' dir='ltr'><strong>LIUM</strong></span> <span class='ocrx_word' id='word_1_5' title='bbox 2389 396 2690 458; x_wconf 78' lang='lat' dir='ltr'>[APPENDIX.</span> 
     </span>
    </p>
   </div>
   <div class='ocr_carea' id='block_1_2' title="bbox 923 522 2693 2383">
    <p class='ocr_par' dir='ltr' id='par_1_2' title="bbox 923 522 2693 2383">
     <span class='ocr_line' id='line_1_2' title="bbox 925 522 2690 585; baseline 0.002 -15"><span class='ocrx_word' id='word_1_6' title='bbox 925 538 1151 584; x_wconf 86' lang='lat' dir='ltr'><strong>germano</strong></span> <span class='ocrx_word' id='word_1_7' title='bbox 1175 522 1370 570; x_wconf 88' lang='lat' dir='ltr'><strong>Patricii</strong></span> <span class='ocrx_word' id='word_1_8' title='bbox 1394 522 1559 569; x_wconf 89' lang='lat' dir='ltr'><strong>Hume</strong></span> <span class='ocrx_word' id='word_1_9' title='bbox 1582 523 1643 570; x_wconf 89' lang='lat' dir='ltr'><strong>de</strong></span> <span class='ocrx_word' id='word_1_10' title='bbox 1666 523 1947 585; x_wconf 85' lang='lat' dir='ltr'><strong>Reidbrayis</strong></span> <span class='ocrx_word' id='word_1_11' title='bbox 1970 551 1981 561; x_wconf 90' lang='lat'><strong>·</strong></span> <span class='ocrx_word' id='word_1_12' title='bbox 2008 550 2019 561; x_wconf 91' lang='lat'><strong>·</strong></span> <span class='ocrx_word' id='word_1_13' title='bbox 2045 551 2056 562; x_wconf 91' lang='lat'><strong>·</strong></span> <span class='ocrx_word' id='word_1_14' title='bbox 2079 539 2210 571; x_wconf 84' lang='lat' dir='ltr'><strong>meas</strong></span> <span class='ocrx_word' id='word_1_15' title='bbox 2233 531 2330 572; x_wconf 84' lang='lat' dir='ltr'><strong>tres</strong></span> <span class='ocrx_word' id='word_1_16' title='bbox 2355 526 2529 573; x_wconf 78' lang='lat' dir='ltr'><strong>croftas</strong></span> <span class='ocrx_word' id='word_1_17' title='bbox 2562 532 2690 574; x_wconf 89' lang='lat' dir='ltr'><strong>terre</strong></span> 
     </span>
     <span class='ocr_line' id='line_1_3' title="bbox 927 611 2691 676; baseline 0.003 -18"><span class='ocrx_word' id='word_1_18' title='bbox 927 611 1206 675; x_wconf 85' lang='lat' dir='ltr'><strong>subscriptas</strong></span> <span class='ocrx_word' id='word_1_19' title='bbox 1230 614 1318 659; x_wconf 85' lang='lat' dir='ltr'><strong>viz.</strong></span> <span class='ocrx_word' id='word_1_20' title='bbox 1342 627 1484 660; x_wconf 85' lang='lat' dir='ltr'><strong>vnam</strong></span> <span class='ocrx_word' id='word_1_21' title='bbox 1508 614 1707 660; x_wconf 86' lang='lat' dir='ltr'><strong>croftam</strong></span> <span class='ocrx_word' id='word_1_22' title='bbox 1729 614 1975 674; x_wconf 87' lang='lat' dir='ltr'><strong>jacentem</strong></span> <span class='ocrx_word' id='word_1_23' title='bbox 2010 614 2032 676; x_wconf 95' lang='lat'>[</span> <span class='ocrx_word' id='word_1_24' title='bbox 2265 612 2288 675; x_wconf 97' lang='lat'>]</span> <span class='ocrx_word' id='word_1_25' title='bbox 2316 630 2377 661; x_wconf 90' lang='lat' dir='ltr'><strong>ex</strong></span> <span class='ocrx_word' id='word_1_26' title='bbox 2406 616 2691 663; x_wconf 85' lang='lat' dir='ltr'><strong>occidentali</strong></span> 
     </span>
     <span class='ocr_line' id='line_1_4' title="bbox 926 701 2691 763; baseline 0.002 -14"><span class='ocrx_word' id='word_1_27' title='bbox 926 707 1062 763; x_wconf 79' lang='lat' dir='ltr'><strong>parte</strong></span> <span class='ocrx_word' id='word_1_28' title='bbox 1097 708 1332 750; x_wconf 86' lang='lat' dir='ltr'><strong>terrarum</strong></span> <span class='ocrx_word' id='word_1_29' title='bbox 1373 701 1732 749; x_wconf 81' lang='lat' dir='ltr'><strong>dominicalium</strong></span> <span class='ocrx_word' id='word_1_30' title='bbox 1768 702 1828 749; x_wconf 87' lang='lat' dir='ltr'><strong>de</strong></span> <span class='ocrx_word' id='word_1_31' title='bbox 1863 702 1914 748; x_wconf 96' lang='lat' dir='ltr'>N</span> <span class='ocrx_word' id='word_1_32' title='bbox 1916 703 2208 750; x_wconf 86' lang='lat' dir='ltr'><strong>orthberwik</strong></span> <span class='ocrx_word' id='word_1_33' title='bbox 2241 709 2293 751; x_wconf 90' lang='lat' dir='ltr'><strong>et</strong></span> <span class='ocrx_word' id='word_1_34' title='bbox 2326 705 2529 751; x_wconf 86' lang='lat' dir='ltr'><strong>croftam</strong></span> <span class='ocrx_word' id='word_1_35' title='bbox 2564 712 2691 752; x_wconf 83' lang='lat' dir='ltr'><strong>terre</strong></span> 
     </span>
     <span class='ocr_line' id='line_1_5' title="bbox 926 791 2691 856; baseline 0.003 -21"><span class='ocrx_word' id='word_1_36' title='bbox 926 793 1098 839; x_wconf 84' lang='lat' dir='ltr'><strong>vicarie</strong></span> <span class='ocrx_word' id='word_1_37' title='bbox 1122 793 1181 838; x_wconf 91' lang='lat' dir='ltr'><strong>de</strong></span> <span class='ocrx_word' id='word_1_38' title='bbox 1206 791 1550 838; x_wconf 86' lang='lat' dir='ltr'><strong>Northberwik</strong></span> <span class='ocrx_word' id='word_1_39' title='bbox 1574 806 1635 838; x_wconf 87' lang='lat' dir='ltr'><strong>cx</strong></span> <span class='ocrx_word' id='word_1_40' title='bbox 1658 791 1837 838; x_wconf 86' lang='lat' dir='ltr'><strong>boreali</strong></span> <span class='ocrx_word' id='word_1_41' title='bbox 1855 797 1906 838; x_wconf 90' lang='lat' dir='ltr'><strong>et</strong></span> <span class='ocrx_word' id='word_1_42' title='bbox 1929 807 2235 839; x_wconf 90' lang='lat' dir='ltr'><strong>communem</strong></span> <span class='ocrx_word' id='word_1_43' title='bbox 2254 794 2380 840; x_wconf 82' lang='lat' dir='ltr'><strong>viam</strong></span> <span class='ocrx_word' id='word_1_44' title='bbox 2403 796 2582 856; x_wconf 86' lang='lat' dir='ltr'><strong>regiam</strong></span> <span class='ocrx_word' id='word_1_45' title='bbox 2597 810 2691 855; x_wconf 88' lang='lat' dir='ltr'><strong>que</strong></span> 
     </span>
     <span class='ocr_line' id='line_1_6' title="bbox 926 880 2690 944; baseline 0.002 -16"><span class='ocrx_word' id='word_1_46' title='bbox 926 883 1058 928; x_wconf 89' lang='lat' dir='ltr'><strong>ducit</strong></span> <span class='ocrx_word' id='word_1_47' title='bbox 1081 883 1141 929; x_wconf 93' lang='lat' dir='ltr'><strong>ad</strong></span> <span class='ocrx_word' id='word_1_48' title='bbox 1158 881 1362 944; x_wconf 86' lang='lat' dir='ltr'><strong>burgum</strong></span> <span class='ocrx_word' id='word_1_49' title='bbox 1382 881 1442 928; x_wconf 87' lang='lat' dir='ltr'><strong>de</strong></span> <span class='ocrx_word' id='word_1_50' title='bbox 1465 880 1782 942; x_wconf 86' lang='lat' dir='ltr'><strong>Hadingtoun</strong></span> <span class='ocrx_word' id='word_1_51' title='bbox 1805 897 1867 928; x_wconf 87' lang='lat' dir='ltr'><strong>ex</strong></span> <span class='ocrx_word' id='word_1_52' title='bbox 1890 882 2112 929; x_wconf 80' lang='lat' dir='ltr'><strong>orientali</strong></span> <span class='ocrx_word' id='word_1_53' title='bbox 2135 888 2186 929; x_wconf 90' lang='lat' dir='ltr'><strong>et</strong></span> <span class='ocrx_word' id='word_1_54' title='bbox 2208 889 2359 930; x_wconf 83' lang='lat' dir='ltr'><strong>terras</strong></span> <span class='ocrx_word' id='word_1_55' title='bbox 2382 883 2690 931; x_wconf 81' lang='lat' dir='ltr'><strong>dominicales</strong></span> 
     </span>
     <span class='ocr_line' id='line_1_7' title="bbox 926 968 2691 1031; baseline 0 -13"><span class='ocrx_word' id='word_1_56' title='bbox 926 973 1036 1019; x_wconf 55' lang='lat' dir='ltr'><strong>dicti</strong></span> <span class='ocrx_word' id='word_1_57' title='bbox 1070 969 1339 1019; x_wconf 89' lang='lat' dir='ltr'><strong>monasterii</strong></span> <span class='ocrx_word' id='word_1_58' title='bbox 1376 976 1568 1018; x_wconf 81' lang='lat' dir='ltr'><strong>vocatas</strong></span> <span class='ocrx_word' id='word_1_59' title='bbox 1607 968 1844 1031; x_wconf 85' lang='lat' dir='ltr'><strong>Lamsyde</strong></span> <span class='ocrx_word' id='word_1_60' title='bbox 1878 985 1940 1016; x_wconf 85' lang='lat' dir='ltr'><strong>ex</strong></span> <span class='ocrx_word' id='word_1_61' title='bbox 1974 976 2111 1031; x_wconf 87' lang='lat' dir='ltr'><strong>parte</strong></span> <span class='ocrx_word' id='word_1_62' title='bbox 2144 969 2335 1019; x_wconf 86' lang='lat' dir='ltr'><strong>australi</strong></span> <span class='ocrx_word' id='word_1_63' title='bbox 2361 972 2543 1020; x_wconf 79' lang='lat' dir='ltr'><strong>saliam</strong></span> <span class='ocrx_word' id='word_1_64' title='bbox 2578 988 2691 1019; x_wconf 83' lang='lat' dir='ltr'><strong>vero</strong></span> 
     </span>
     <span class='ocr_line' id='line_1_8' title="bbox 924 1057 2690 1121; baseline 0 -13"><span class='ocrx_word' id='word_1_65' title='bbox 924 1062 1124 1108; x_wconf 88' lang='lat' dir='ltr'><strong>croftam</strong></span> <span class='ocrx_word' id='word_1_66' title='bbox 1143 1067 1269 1107; x_wconf 87' lang='lat' dir='ltr'><strong>terre</strong></span> <span class='ocrx_word' id='word_1_67' title='bbox 1284 1060 1530 1121; x_wconf 86' lang='lat' dir='ltr'><strong>jacentem</strong></span> <span class='ocrx_word' id='word_1_68' title='bbox 1547 1057 1677 1106; x_wconf 85' lang='lat' dir='ltr'><strong>inter</strong></span> <span class='ocrx_word' id='word_1_69' title='bbox 1694 1059 1867 1105; x_wconf 67' lang='lat' dir='ltr'><strong>dictam</strong></span> <span class='ocrx_word' id='word_1_70' title='bbox 1885 1073 2190 1106; x_wconf 87' lang='lat' dir='ltr'><strong>communem</strong></span> <span class='ocrx_word' id='word_1_71' title='bbox 2208 1061 2334 1107; x_wconf 87' lang='lat' dir='ltr'><strong>viam</strong></span> <span class='ocrx_word' id='word_1_72' title='bbox 2358 1075 2451 1121; x_wconf 89' lang='lat' dir='ltr'><strong>que</strong></span> <span class='ocrx_word' id='word_1_73' title='bbox 2474 1061 2607 1108; x_wconf 87' lang='lat' dir='ltr'><strong>ducit</strong></span> <span class='ocrx_word' id='word_1_74' title='bbox 2630 1063 2690 1108; x_wconf 88' lang='lat' dir='ltr'><strong>ad</strong></span> 
     </span>
     <span class='ocr_line' id='line_1_9' title="bbox 924 1148 2691 1212; baseline 0 -15"><span class='ocrx_word' id='word_1_75' title='bbox 924 1151 1102 1198; x_wconf 62' lang='lat' dir='ltr'><strong>distum</strong></span> <span class='ocrx_word' id='word_1_76' title='bbox 1135 1151 1340 1212; x_wconf 87' lang='lat' dir='ltr'><strong>burgum</strong></span> <span class='ocrx_word' id='word_1_77' title='bbox 1373 1150 1433 1196; x_wconf 89' lang='lat' dir='ltr'><strong>de</strong></span> <span class='ocrx_word' id='word_1_78' title='bbox 1463 1149 1782 1211; x_wconf 88' lang='lat' dir='ltr'><strong>Hadingtoun</strong></span> <span class='ocrx_word' id='word_1_79' title='bbox 1817 1163 1878 1194; x_wconf 85' lang='lat' dir='ltr'><strong>ex</strong></span> <span class='ocrx_word' id='word_1_80' title='bbox 1913 1153 2048 1208; x_wconf 85' lang='lat' dir='ltr'><strong>parte</strong></span> <span class='ocrx_word' id='word_1_81' title='bbox 2082 1148 2366 1196; x_wconf 86' lang='lat' dir='ltr'><strong>occidentali</strong></span> <span class='ocrx_word' id='word_1_82' title='bbox 2401 1156 2452 1196; x_wconf 86' lang='lat' dir='ltr'><strong>et</strong></span> <span class='ocrx_word' id='word_1_83' title='bbox 2485 1151 2691 1197; x_wconf 89' lang='lat' dir='ltr'><strong>croftum</strong></span> 
     </span>
     <span class='ocr_line' id='line_1_10' title="bbox 924 1237 2691 1301; baseline 0.001 -16"><span class='ocrx_word' id='word_1_84' title='bbox 924 1239 1125 1285; x_wconf 84' lang='lat' dir='ltr'><strong>Roberti</strong></span> <span class='ocrx_word' id='word_1_85' title='bbox 1145 1239 1282 1301; x_wconf 83' lang='lat' dir='ltr'><strong>Lyell</strong></span> <span class='ocrx_word' id='word_1_86' title='bbox 1306 1245 1356 1286; x_wconf 86' lang='lat' dir='ltr'><strong>et</strong></span> <span class='ocrx_word' id='word_1_87' title='bbox 1375 1239 1576 1286; x_wconf 87' lang='lat' dir='ltr'><strong>croftam</strong></span> <span class='ocrx_word' id='word_1_88' title='bbox 1593 1253 1751 1284; x_wconf 88' lang='lat' dir='ltr'><strong>meam</strong></span> <span class='ocrx_word' id='word_1_89' title='bbox 1770 1253 1831 1283; x_wconf 88' lang='lat' dir='ltr'><strong>ex</strong></span> <span class='ocrx_word' id='word_1_90' title='bbox 1854 1237 2034 1283; x_wconf 88' lang='lat' dir='ltr'><strong>boreali</strong></span> <span class='ocrx_word' id='word_1_91' title='bbox 2052 1245 2188 1298; x_wconf 90' lang='lat' dir='ltr'><strong>parte</strong></span> <span class='ocrx_word' id='word_1_92' title='bbox 2211 1244 2261 1285; x_wconf 89' lang='lat' dir='ltr'><strong>et</strong></span> <span class='ocrx_word' id='word_1_93' title='bbox 2285 1239 2492 1285; x_wconf 85' lang='lat' dir='ltr'><strong>croftum</strong></span> <span class='ocrx_word' id='word_1_94' title='bbox 2509 1239 2691 1286; x_wconf 86' lang='lat' dir='ltr'><strong>Thome</strong></span> 
     </span>
     <span class='ocr_line' id='line_1_11' title="bbox 923 1327 2691 1392; baseline -0.002 -15"><span class='ocrx_word' id='word_1_95' title='bbox 923 1331 1166 1392; x_wconf 84' lang='lat' dir='ltr'><strong>Skowgall</strong></span> <span class='ocrx_word' id='word_1_96' title='bbox 1190 1337 1407 1376; x_wconf 88' lang='lat' dir='ltr'><strong>vocatam</strong></span> <span class='ocrx_word' id='word_1_97' title='bbox 1431 1329 1608 1376; x_wconf 82' lang='lat' dir='ltr'><strong>Wellis</strong></span> <span class='ocrx_word' id='word_1_98' title='bbox 1640 1329 1763 1375; x_wconf 86' lang='lat' dir='ltr'><strong>croft</strong></span> <span class='ocrx_word' id='word_1_99' title='bbox 1797 1342 1857 1373; x_wconf 89' lang='lat' dir='ltr'><strong>ex</strong></span> <span class='ocrx_word' id='word_1_100' title='bbox 1892 1332 2027 1388; x_wconf 92' lang='lat' dir='ltr'><strong>parte</strong></span> <span class='ocrx_word' id='word_1_101' title='bbox 2062 1327 2283 1373; x_wconf 84' lang='lat' dir='ltr'><strong>orientali</strong></span> <span class='ocrx_word' id='word_1_102' title='bbox 2317 1334 2368 1374; x_wconf 87' lang='lat' dir='ltr'><strong>et</strong></span> <span class='ocrx_word' id='word_1_103' title='bbox 2401 1343 2531 1375; x_wconf 86' lang='lat' dir='ltr'><strong>acras</strong></span> <span class='ocrx_word' id='word_1_104' title='bbox 2565 1335 2691 1374; x_wconf 89' lang='lat' dir='ltr'><strong>terre</strong></span> 
     </span>
     <span class='ocr_line' id='line_1_12' title="bbox 923 1415 2691 1479; baseline -0.002 -13"><span class='ocrx_word' id='word_1_105' title='bbox 923 1421 982 1466; x_wconf 86' lang='lat' dir='ltr'><strong>de</strong></span> <span class='ocrx_word' id='word_1_106' title='bbox 1011 1419 1355 1466; x_wconf 87' lang='lat' dir='ltr'><strong>Northberwik</strong></span> <span class='ocrx_word' id='word_1_107' title='bbox 1390 1435 1516 1466; x_wconf 92' lang='lat' dir='ltr'><strong>nunc</strong></span> <span class='ocrx_word' id='word_1_108' title='bbox 1551 1424 1805 1479; x_wconf 84' lang='lat' dir='ltr'><strong>occupatas</strong></span> <span class='ocrx_word' id='word_1_109' title='bbox 1838 1432 1924 1477; x_wconf 88' lang='lat' dir='ltr'><strong>per</strong></span> <span class='ocrx_word' id='word_1_110' title='bbox 1958 1417 2205 1463; x_wconf 90' lang='lat' dir='ltr'><strong>dominum</strong></span> <span class='ocrx_word' id='word_1_111' title='bbox 2239 1417 2299 1463; x_wconf 87' lang='lat' dir='ltr'><strong>de</strong></span> <span class='ocrx_word' id='word_1_112' title='bbox 2334 1415 2436 1463; x_wconf 90' lang='lat' dir='ltr'><strong>Bas</strong></span> <span class='ocrx_word' id='word_1_113' title='bbox 2461 1432 2521 1463; x_wconf 87' lang='lat' dir='ltr'><strong>ex</strong></span> <span class='ocrx_word' id='word_1_114' title='bbox 2555 1424 2691 1478; x_wconf 90' lang='lat' dir='ltr'><strong>parte</strong></span> 
     </span>
     <span class='ocr_line' id='line_1_13' title="bbox 923 1506 2691 1567; baseline -0.001 -11"><span class='ocrx_word' id='word_1_115' title='bbox 923 1508 1149 1557; x_wconf 83' lang='lat' dir='ltr'><strong>australis</strong></span> <span class='ocrx_word' id='word_1_116' title='bbox 1172 1515 1222 1555; x_wconf 92' lang='lat' dir='ltr'><strong>et</strong></span> <span class='ocrx_word' id='word_1_117' title='bbox 1252 1511 1447 1555; x_wconf 86' lang='lat' dir='ltr'><strong>tertiam</strong></span> <span class='ocrx_word' id='word_1_118' title='bbox 1483 1524 1595 1555; x_wconf 89' lang='lat' dir='ltr'><strong>vero</strong></span> <span class='ocrx_word' id='word_1_119' title='bbox 1631 1509 1833 1555; x_wconf 86' lang='lat' dir='ltr'><strong>croftam</strong></span> <span class='ocrx_word' id='word_1_120' title='bbox 1859 1508 2106 1567; x_wconf 87' lang='lat' dir='ltr'><strong>jacentem</strong></span> <span class='ocrx_word' id='word_1_121' title='bbox 2140 1507 2267 1552; x_wconf 90' lang='lat' dir='ltr'><strong>inter</strong></span> <span class='ocrx_word' id='word_1_122' title='bbox 2300 1513 2475 1553; x_wconf 86' lang='lat' dir='ltr'><strong>terram</strong></span> <span class='ocrx_word' id='word_1_123' title='bbox 2509 1506 2691 1554; x_wconf 83' lang='lat' dir='ltr'><strong>Thome</strong></span> 
     </span>
     <span class='ocr_line' id='line_1_14' title="bbox 924 1594 2691 1661; baseline -0.001 -15"><span class='ocrx_word' id='word_1_124' title='bbox 924 1599 1167 1661; x_wconf 85' lang='lat' dir='ltr'><strong>Skowgall</strong></span> <span class='ocrx_word' id='word_1_125' title='bbox 1190 1615 1250 1645; x_wconf 87' lang='lat' dir='ltr'><strong>ex</strong></span> <span class='ocrx_word' id='word_1_126' title='bbox 1275 1605 1410 1659; x_wconf 83' lang='lat' dir='ltr'><strong>parte</strong></span> <span class='ocrx_word' id='word_1_127' title='bbox 1435 1598 1718 1645; x_wconf 88' lang='lat' dir='ltr'><strong>occidentali</strong></span> <span class='ocrx_word' id='word_1_128' title='bbox 1753 1612 2007 1644; x_wconf 88' lang='lat' dir='ltr'><strong>commune</strong></span> <span class='ocrx_word' id='word_1_129' title='bbox 2043 1597 2326 1643; x_wconf 88' lang='lat' dir='ltr'><strong>veriderium</strong></span> <span class='ocrx_word' id='word_1_130' title='bbox 2353 1594 2436 1643; x_wconf 88' lang='lat' dir='ltr'><strong>seu</strong></span> <span class='ocrx_word' id='word_1_131' title='bbox 2459 1596 2523 1643; x_wconf 91' lang='lat' dir='ltr'><strong>lie</strong></span> <span class='ocrx_word' id='word_1_132' title='bbox 2545 1613 2691 1659; x_wconf 85' lang='lat' dir='ltr'><strong>grene</strong></span> 
     </span>
     <span class='ocr_line' id='line_1_15' title="bbox 925 1686 2691 1752; baseline -0.001 -16"><span class='ocrx_word' id='word_1_133' title='bbox 925 1691 1063 1752; x_wconf 83' lang='lat' dir='ltr'><strong>burgi</strong></span> <span class='ocrx_word' id='word_1_134' title='bbox 1105 1691 1164 1736; x_wconf 86' lang='lat' dir='ltr'><strong>de</strong></span> <span class='ocrx_word' id='word_1_135' title='bbox 1205 1688 1563 1749; x_wconf 86' lang='lat' dir='ltr'><strong>Northberwyk</strong></span> <span class='ocrx_word' id='word_1_136' title='bbox 1603 1703 1663 1735; x_wconf 85' lang='lat' dir='ltr'><strong>ex</strong></span> <span class='ocrx_word' id='word_1_137' title='bbox 1705 1692 1839 1748; x_wconf 88' lang='lat' dir='ltr'><strong>parte</strong></span> <span class='ocrx_word' id='word_1_138' title='bbox 1880 1686 2057 1733; x_wconf 84' lang='lat' dir='ltr'><strong>boreali</strong></span> <span class='ocrx_word' id='word_1_139' title='bbox 2097 1693 2147 1732; x_wconf 90' lang='lat' dir='ltr'><strong>et</strong></span> <span class='ocrx_word' id='word_1_140' title='bbox 2187 1701 2317 1733; x_wconf 80' lang='lat' dir='ltr'><strong>acras</strong></span> <span class='ocrx_word' id='word_1_141' title='bbox 2356 1692 2591 1733; x_wconf 89' lang='lat' dir='ltr'><strong>terrarum</strong></span> <span class='ocrx_word' id='word_1_142' title='bbox 2632 1688 2691 1734; x_wconf 90' lang='lat' dir='ltr'><strong>de</strong></span> 
     </span>
     <span class='ocr_line' id='line_1_16' title="bbox 927 1775 2690 1839; baseline -0.001 -13"><span class='ocrx_word' id='word_1_143' title='bbox 927 1779 1270 1826; x_wconf 86' lang='lat' dir='ltr'><strong>Northberwik</strong></span> <span class='ocrx_word' id='word_1_144' title='bbox 1305 1794 1433 1825; x_wconf 92' lang='lat' dir='ltr'><strong>nunc</strong></span> <span class='ocrx_word' id='word_1_145' title='bbox 1467 1783 1721 1839; x_wconf 85' lang='lat' dir='ltr'><strong>occupatas</strong></span> <span class='ocrx_word' id='word_1_146' title='bbox 1754 1792 1840 1838; x_wconf 89' lang='lat' dir='ltr'><strong>per</strong></span> <span class='ocrx_word' id='word_1_147' title='bbox 1873 1776 2054 1822; x_wconf 55' lang='lat' dir='ltr'><strong>diaum</strong></span> <span class='ocrx_word' id='word_1_148' title='bbox 2100 1777 2347 1823; x_wconf 88' lang='lat' dir='ltr'><strong>dominum</strong></span> <span class='ocrx_word' id='word_1_149' title='bbox 2393 1777 2453 1823; x_wconf 89' lang='lat' dir='ltr'><strong>de</strong></span> <span class='ocrx_word' id='word_1_150' title='bbox 2492 1775 2595 1824; x_wconf 89' lang='lat' dir='ltr'><strong>Bas</strong></span> <span class='ocrx_word' id='word_1_151' title='bbox 2631 1794 2690 1824; x_wconf 83' lang='lat' dir='ltr'><strong>ex</strong></span> 
     </span>
     <span class='ocr_line' id='line_1_17' title="bbox 926 1865 2689 1932; baseline -0.002 -16"><span class='ocrx_word' id='word_1_152' title='bbox 926 1870 1140 1931; x_wconf 84' lang='lat' dir='ltr'><strong>partibus</strong></span> <span class='ocrx_word' id='word_1_153' title='bbox 1186 1868 1406 1915; x_wconf 82' lang='lat' dir='ltr'><strong>orientali</strong></span> <span class='ocrx_word' id='word_1_154' title='bbox 1451 1875 1501 1932; x_wconf 86' lang='lat' dir='ltr'><strong>et</strong></span> <span class='ocrx_word' id='word_1_155' title='bbox 1547 1865 1740 1914; x_wconf 87' lang='lat' dir='ltr'><strong>australi</strong></span> <span class='ocrx_word' id='word_1_156' title='bbox 1783 1868 1835 1913; x_wconf 89' lang='lat' dir='ltr'><strong>in</strong></span> <span class='ocrx_word' id='word_1_157' title='bbox 1881 1867 2091 1913; x_wconf 71' lang='lat' dir='ltr'><strong>dominio</strong></span> <span class='ocrx_word' id='word_1_158' title='bbox 2136 1866 2195 1913; x_wconf 91' lang='lat' dir='ltr'><strong>de</strong></span> <span class='ocrx_word' id='word_1_159' title='bbox 2243 1866 2587 1913; x_wconf 86' lang='lat' dir='ltr'><strong>Northberwik</strong></span> <span class='ocrx_word' id='word_1_160' title='bbox 2610 1893 2619 1903; x_wconf 94' lang='lat'><strong>·</strong></span> <span class='ocrx_word' id='word_1_161' title='bbox 2642 1893 2652 1903; x_wconf 94' lang='lat'><strong>·</strong></span> <span class='ocrx_word' id='word_1_162' title='bbox 2680 1895 2689 1904; x_wconf 91' lang='lat'><strong>·</strong></span> 
     </span>
     <span class='ocr_line' id='line_1_18' title="bbox 928 1954 2693 2016; baseline -0.002 -10"><span class='ocrx_word' id='word_1_163' title='bbox 928 1959 1191 2006; x_wconf 86' lang='lat' dir='ltr'><strong>Reddendo</strong></span> <span class='ocrx_word' id='word_1_164' title='bbox 1214 1958 1326 2003; x_wconf 89' lang='lat' dir='ltr'><strong>inde</strong></span> <span class='ocrx_word' id='word_1_165' title='bbox 1350 1958 1599 2003; x_wconf 85' lang='lat' dir='ltr'><strong>annuatim</strong></span> <span class='ocrx_word' id='word_1_166' title='bbox 1615 1962 1719 2003; x_wconf 80' lang='lat' dir='ltr'><strong>tres</strong></span> <span class='ocrx_word' id='word_1_167' title='bbox 1736 1956 1888 2003; x_wconf 70' lang='lat' dir='ltr'><strong>,libras</strong></span> <span class='ocrx_word' id='word_1_168' title='bbox 1911 1954 2174 2004; x_wconf 87' lang='lat' dir='ltr'><strong>tresdecem</strong></span> <span class='ocrx_word' id='word_1_169' title='bbox 2206 1954 2378 2003; x_wconf 87' lang='lat' dir='ltr'><strong>solidos</strong></span> <span class='ocrx_word' id='word_1_170' title='bbox 2401 1962 2451 2002; x_wconf 87' lang='lat' dir='ltr'><strong>et</strong></span> <span class='ocrx_word' id='word_1_171' title='bbox 2488 1962 2693 2016; x_wconf 90' lang='lat' dir='ltr'><strong>quatuor</strong></span> 
     </span>
     <span class='ocr_line' id='line_1_19' title="bbox 926 2043 2691 2107; baseline -0.001 -13"><span class='ocrx_word' id='word_1_172' title='bbox 926 2050 1142 2095; x_wconf 86' lang='lat' dir='ltr'><strong>denarios</strong></span> <span class='ocrx_word' id='word_1_173' title='bbox 1166 2075 1175 2084; x_wconf 92' lang='lat'><em>-</em></span> <span class='ocrx_word' id='word_1_174' title='bbox 1202 2074 1212 2084; x_wconf 95' lang='lat'><strong>·</strong></span> <span class='ocrx_word' id='word_1_175' title='bbox 1240 2073 1249 2084; x_wconf 92' lang='lat'><strong>·</strong></span> <span class='ocrx_word' id='word_1_176' title='bbox 1276 2047 1335 2092; x_wconf 92' lang='lat' dir='ltr'><strong>In</strong></span> <span class='ocrx_word' id='word_1_177' title='bbox 1360 2048 1495 2107; x_wconf 79' lang='lat' dir='ltr'><strong>cujus</strong></span> <span class='ocrx_word' id='word_1_178' title='bbox 1519 2048 1586 2093; x_wconf 89' lang='lat' dir='ltr'><strong>rei</strong></span> <span class='ocrx_word' id='word_1_179' title='bbox 1610 2045 1936 2092; x_wconf 85' lang='lat' dir='ltr'><strong>testimonium</strong></span> <span class='ocrx_word' id='word_1_180' title='bbox 1954 2043 2160 2107; x_wconf 90' lang='lat' dir='ltr'><strong>figillum</strong></span> <span class='ocrx_word' id='word_1_181' title='bbox 2177 2060 2338 2091; x_wconf 89' lang='lat' dir='ltr'><strong>meum</strong></span> <span class='ocrx_word' id='word_1_182' title='bbox 2356 2045 2468 2092; x_wconf 90' lang='lat' dir='ltr'><strong>huic</strong></span> <span class='ocrx_word' id='word_1_183' title='bbox 2486 2044 2691 2106; x_wconf 87' lang='lat' dir='ltr'><strong>presenti</strong></span> 
     </span>
     <span class='ocr_line' id='line_1_20' title="bbox 926 2134 2690 2197; baseline -0.001 -13"><span class='ocrx_word' id='word_1_184' title='bbox 926 2144 1056 2184; x_wconf 85' lang='lat' dir='ltr'><strong>carte</strong></span> <span class='ocrx_word' id='word_1_185' title='bbox 1090 2153 1196 2183; x_wconf 89' lang='lat' dir='ltr'><strong>mee</strong></span> <span class='ocrx_word' id='word_1_186' title='bbox 1231 2135 1301 2182; x_wconf 92' lang='lat' dir='ltr'><strong>est</strong></span> <span class='ocrx_word' id='word_1_187' title='bbox 1324 2135 1581 2197; x_wconf 89' lang='lat' dir='ltr'><strong>appensum</strong></span> <span class='ocrx_word' id='word_1_188' title='bbox 1606 2152 1715 2182; x_wconf 90' lang='lat' dir='ltr'><strong>cum</strong></span> <span class='ocrx_word' id='word_1_189' title='bbox 1743 2151 1851 2182; x_wconf 86' lang='lat' dir='ltr'><strong>mea</strong></span> <span class='ocrx_word' id='word_1_190' title='bbox 1883 2134 2224 2196; x_wconf 87' lang='lat' dir='ltr'><strong>subscriptione</strong></span> <span class='ocrx_word' id='word_1_191' title='bbox 2258 2135 2467 2182; x_wconf 89' lang='lat' dir='ltr'><strong>manuali</strong></span> <span class='ocrx_word' id='word_1_192' title='bbox 2491 2151 2546 2182; x_wconf 86' lang='lat' dir='ltr'><strong>ac</strong></span> <span class='ocrx_word' id='word_1_193' title='bbox 2581 2151 2690 2182; x_wconf 86' lang='lat' dir='ltr'><strong>cum</strong></span> 
     </span>
     <span class='ocr_line' id='line_1_21' title="bbox 927 2223 2690 2288; baseline -0.001 -15"><span class='ocrx_word' id='word_1_194' title='bbox 927 2225 1211 2288; x_wconf 67' lang='lat' dir='ltr'><strong>appensione</strong></span> <span class='ocrx_word' id='word_1_195' title='bbox 1234 2223 1373 2287; x_wconf 87' lang='lat' dir='ltr'><strong>figilli</strong></span> <span class='ocrx_word' id='word_1_196' title='bbox 1397 2227 1665 2272; x_wconf 82' lang='lat' dir='ltr'><strong>communis</strong></span> <span class='ocrx_word' id='word_1_197' title='bbox 1687 2225 1803 2273; x_wconf 64' lang='lat' dir='ltr'><strong>dicti</strong></span> <span class='ocrx_word' id='word_1_198' title='bbox 1826 2224 2097 2286; x_wconf 86' lang='lat' dir='ltr'><strong>monasterij</strong></span> <span class='ocrx_word' id='word_1_199' title='bbox 2122 2231 2172 2272; x_wconf 87' lang='lat' dir='ltr'><strong>et</strong></span> <span class='ocrx_word' id='word_1_200' title='bbox 2202 2223 2543 2286; x_wconf 84' lang='lat' dir='ltr'><strong>subscriptione</strong></span> <span class='ocrx_word' id='word_1_201' title='bbox 2567 2226 2690 2272; x_wconf 66' lang='lat' dir='ltr'><strong>dicte</strong></span> 
     </span>
     <span class='ocr_line' id='line_1_22' title="bbox 927 2313 2043 2383; baseline -0.002 -21"><span class='ocrx_word' id='word_1_202' title='bbox 927 2313 1134 2377; x_wconf 77' lang='lat' dir='ltr'><strong>priorifl&#39;e</strong></span> <span class='ocrx_word' id='word_1_203' title='bbox 1158 2322 1208 2361; x_wconf 88' lang='lat' dir='ltr'><strong>et</strong></span> <span class='ocrx_word' id='word_1_204' title='bbox 1233 2320 1496 2361; x_wconf 83' lang='lat' dir='ltr'><strong>conventus</strong></span> <span class='ocrx_word' id='word_1_205' title='bbox 1522 2319 1549 2360; x_wconf 85' lang='lat'><strong>3</strong></span> <span class='ocrx_word' id='word_1_206' title='bbox 1575 2315 1746 2375; x_wconf 88' lang='lat' dir='ltr'><strong>Marcij</strong></span> <span class='ocrx_word' id='word_1_207' title='bbox 1773 2329 1868 2361; x_wconf 64' lang='grc' dir='ltr'><strong>ΑΛ).</strong></span> <span class='ocrx_word' id='word_1_208' title='bbox 1897 2318 2043 2383; x_wconf 27' lang='grc'><strong>1539..</strong></span> 
     </span>
    </p>
   </div>
   <div class='ocr_carea' id='block_1_3' title="bbox 1056 2491 2507 3003">
    <p class='ocr_par' dir='ltr' id='par_1_3' title="bbox 1057 2491 2507 2823">
     <span class='ocr_line' id='line_1_23' title="bbox 1057 2491 2486 2555; baseline -0.001 -15"><span class='ocrx_word' id='word_1_209' title='bbox 1057 2494 1212 2540; x_wconf 90' lang='lat' dir='ltr'><strong>Dame</strong></span> <span class='ocrx_word' id='word_1_210' title='bbox 1237 2493 1417 2540; x_wconf 87' lang='lat' dir='ltr'><strong>Izobell</strong></span> <span class='ocrx_word' id='word_1_211' title='bbox 1442 2493 1605 2555; x_wconf 87' lang='lat' dir='ltr'><strong>Hoym</strong></span> <span class='ocrx_word' id='word_1_212' title='bbox 1628 2491 1827 2555; x_wconf 84' lang='lat' dir='ltr'><strong>prioress</strong></span> <span class='ocrx_word' id='word_1_213' title='bbox 1851 2491 1894 2537; x_wconf 77' lang='lat' dir='ltr'><strong>vt</strong></span> <span class='ocrx_word' id='word_1_214' title='bbox 1916 2508 2003 2538; x_wconf 90' lang='lat' dir='ltr'><strong>our</strong></span> <span class='ocrx_word' id='word_1_215' title='bbox 2024 2492 2152 2539; x_wconf 90' lang='lat' dir='ltr'><strong>hand</strong></span> <span class='ocrx_word' id='word_1_216' title='bbox 2174 2498 2226 2539; x_wconf 87' lang='lat' dir='ltr'><strong>at</strong></span> <span class='ocrx_word' id='word_1_217' title='bbox 2247 2496 2306 2552; x_wconf 73' lang='lat' dir='ltr'><strong>pe</strong></span> <span class='ocrx_word' id='word_1_218' title='bbox 2328 2508 2451 2553; x_wconf 90' lang='lat' dir='ltr'><strong>pene</strong></span> <span class='ocrx_word' id='word_1_219' title='bbox 2476 2520 2486 2530; x_wconf 93' lang='lat'><strong>·</strong></span> 
     </span>
     <span class='ocr_line' id='line_1_24' title="bbox 1057 2582 2507 2644; baseline 0.001 -15"><span class='ocrx_word' id='word_1_220' title='bbox 1057 2583 1212 2630; x_wconf 83' lang='lat' dir='ltr'><strong>Darne</strong></span> <span class='ocrx_word' id='word_1_221' title='bbox 1237 2582 1455 2644; x_wconf 84' lang='lat' dir='ltr'><strong>Mergret</strong></span> <span class='ocrx_word' id='word_1_222' title='bbox 1478 2582 1847 2644; x_wconf 86' lang='lat' dir='ltr'><strong>Halyburtoune</strong></span> <span class='ocrx_word' id='word_1_223' title='bbox 1870 2582 1912 2628; x_wconf 71' lang='lat' dir='ltr'><strong>vt</strong></span> <span class='ocrx_word' id='word_1_224' title='bbox 1935 2598 2021 2629; x_wconf 92' lang='lat' dir='ltr'><strong>our</strong></span> <span class='ocrx_word' id='word_1_225' title='bbox 2044 2582 2171 2631; x_wconf 83' lang='lat' dir='ltr'><strong>hand</strong></span> <span class='ocrx_word' id='word_1_226' title='bbox 2195 2588 2246 2628; x_wconf 89' lang='lat' dir='ltr'><strong>at</strong></span> <span class='ocrx_word' id='word_1_227' title='bbox 2269 2586 2327 2641; x_wconf 72' lang='lat' dir='ltr'><strong>pe</strong></span> <span class='ocrx_word' id='word_1_228' title='bbox 2349 2598 2472 2644; x_wconf 84' lang='lat' dir='ltr'><strong>pene</strong></span> <span class='ocrx_word' id='word_1_229' title='bbox 2497 2610 2507 2620; x_wconf 89' lang='lat'><strong>·</strong></span> 
     </span>
     <span class='ocr_line' id='line_1_25' title="bbox 1059 2672 2336 2734; baseline -0.001 -16"><span class='ocrx_word' id='word_1_230' title='bbox 1059 2673 1213 2719; x_wconf 87' lang='lat' dir='ltr'><strong>Dame</strong></span> <span class='ocrx_word' id='word_1_231' title='bbox 1238 2672 1459 2721; x_wconf 87' lang='lat' dir='ltr'><strong>Marione</strong></span> <span class='ocrx_word' id='word_1_232' title='bbox 1484 2672 1675 2734; x_wconf 86' lang='lat' dir='ltr'><strong>Hoyme</strong></span> <span class='ocrx_word' id='word_1_233' title='bbox 1699 2672 1741 2718; x_wconf 77' lang='lat' dir='ltr'><strong>vt</strong></span> <span class='ocrx_word' id='word_1_234' title='bbox 1757 2689 1851 2720; x_wconf 87' lang='lat' dir='ltr'><strong>our</strong></span> <span class='ocrx_word' id='word_1_235' title='bbox 1872 2673 2000 2720; x_wconf 91' lang='lat' dir='ltr'><strong>hand</strong></span> <span class='ocrx_word' id='word_1_236' title='bbox 2024 2677 2075 2721; x_wconf 86' lang='lat' dir='ltr'><strong>at</strong></span> <span class='ocrx_word' id='word_1_237' title='bbox 2096 2675 2154 2731; x_wconf 71' lang='lat' dir='ltr'><strong>Pe</strong></span> <span class='ocrx_word' id='word_1_238' title='bbox 2178 2686 2301 2732; x_wconf 90' lang='lat' dir='ltr'><strong>pene</strong></span> <span class='ocrx_word' id='word_1_239' title='bbox 2326 2698 2336 2708; x_wconf 89' lang='lat'><strong>·</strong></span> 
     </span>
     <span class='ocr_line' id='line_1_26' title="bbox 1058 2759 2314 2823; baseline -0.001 -15"><span class='ocrx_word' id='word_1_240' title='bbox 1058 2762 1213 2808; x_wconf 81' lang='lat' dir='ltr'><strong>Datne</strong></span> <span class='ocrx_word' id='word_1_241' title='bbox 1236 2759 1433 2822; x_wconf 88' lang='lat' dir='ltr'><strong>Elspeth</strong></span> <span class='ocrx_word' id='word_1_242' title='bbox 1458 2762 1648 2810; x_wconf 90' lang='lat' dir='ltr'><strong>Ponton</strong></span> <span class='ocrx_word' id='word_1_243' title='bbox 1673 2761 1715 2808; x_wconf 76' lang='lat' dir='ltr'><strong>vt</strong></span> <span class='ocrx_word' id='word_1_244' title='bbox 1739 2778 1825 2808; x_wconf 92' lang='lat' dir='ltr'><strong>our</strong></span> <span class='ocrx_word' id='word_1_245' title='bbox 1846 2762 1975 2808; x_wconf 87' lang='lat' dir='ltr'><strong>hand</strong></span> <span class='ocrx_word' id='word_1_246' title='bbox 1998 2769 2049 2809; x_wconf 85' lang='lat' dir='ltr'><strong>at</strong></span> <span class='ocrx_word' id='word_1_247' title='bbox 2070 2765 2128 2821; x_wconf 66' lang='lat' dir='ltr'><strong>Pe</strong></span> <span class='ocrx_word' id='word_1_248' title='bbox 2152 2775 2278 2823; x_wconf 89' lang='lat' dir='ltr'><strong>pene</strong></span> <span class='ocrx_word' id='word_1_249' title='bbox 2304 2789 2314 2798; x_wconf 91' lang='lat'><strong>·</strong></span> 
     </span>
    </p>

    <p class='ocr_par' dir='ltr' id='par_1_4' title="bbox 1056 2849 2319 2913">
     <span class='ocr_line' id='line_1_27' title="bbox 1056 2849 2319 2913; baseline -0.003 -14"><span class='ocrx_word' id='word_1_250' title='bbox 1056 2852 1211 2913; x_wconf 85' lang='lat' dir='ltr'><strong>Dame</strong></span> <span class='ocrx_word' id='word_1_251' title='bbox 1236 2849 1434 2912; x_wconf 85' lang='lat' dir='ltr'><strong>Elspeth</strong></span> <span class='ocrx_word' id='word_1_252' title='bbox 1449 2850 1661 2901; x_wconf 85' lang='lat' dir='ltr'><strong>Dunbar</strong></span> <span class='ocrx_word' id='word_1_253' title='bbox 1685 2851 1729 2902; x_wconf 50' lang='lat' dir='ltr'><strong>vi</strong></span> <span class='ocrx_word' id='word_1_254' title='bbox 1745 2866 1836 2902; x_wconf 69' lang='lat' dir='ltr'><strong>,our</strong></span> <span class='ocrx_word' id='word_1_255' title='bbox 1858 2850 1985 2897; x_wconf 88' lang='lat' dir='ltr'><strong>hand</strong></span> <span class='ocrx_word' id='word_1_256' title='bbox 2009 2856 2060 2896; x_wconf 88' lang='lat' dir='ltr'><strong>at</strong></span> <span class='ocrx_word' id='word_1_257' title='bbox 2081 2854 2140 2909; x_wconf 67' lang='lat' dir='ltr'><strong>be</strong></span> <span class='ocrx_word' id='word_1_258' title='bbox 2163 2865 2287 2910; x_wconf 86' lang='lat' dir='ltr'><strong>pene</strong></span> <span class='ocrx_word' id='word_1_259' title='bbox 2309 2874 2319 2885; x_wconf 88' lang='lat'><strong>·</strong></span> 
     </span>
    </p>

    <p class='ocr_par' dir='ltr' id='par_1_5' title="bbox 1056 2939 2293 3003">
     <span class='ocr_line' id='line_1_28' title="bbox 1056 2939 2293 3003; baseline -0.002 -16"><span class='ocrx_word' id='word_1_260' title='bbox 1056 2941 1210 2987; x_wconf 85' lang='lat' dir='ltr'><strong>Dame</strong></span> <span class='ocrx_word' id='word_1_261' title='bbox 1233 2941 1386 2988; x_wconf 88' lang='lat' dir='ltr'><strong>Jeene</strong></span> <span class='ocrx_word' id='word_1_262' title='bbox 1411 2941 1635 3003; x_wconf 80' lang='lat' dir='ltr'><strong>Dowglas</strong></span> <span class='ocrx_word' id='word_1_263' title='bbox 1661 2939 1709 2986; x_wconf 59' lang='lat' dir='ltr'><strong>vt·</strong></span> <span class='ocrx_word' id='word_1_264' title='bbox 1725 2956 1812 2991; x_wconf 89' lang='lat' dir='ltr'><strong>our</strong></span> <span class='ocrx_word' id='word_1_265' title='bbox 1833 2940 1962 2988; x_wconf 87' lang='lat' dir='ltr'><strong>hand</strong></span> <span class='ocrx_word' id='word_1_266' title='bbox 1985 2950 2035 2987; x_wconf 83' lang='lat' dir='ltr'><strong>at</strong></span> <span class='ocrx_word' id='word_1_267' title='bbox 2053 2945 2111 2999; x_wconf 81' lang='lat' dir='ltr'><strong>pe</strong></span> <span class='ocrx_word' id='word_1_268' title='bbox 2134 2955 2257 3001; x_wconf 86' lang='lat' dir='ltr'><strong>pene</strong></span> <span class='ocrx_word' id='word_1_269' title='bbox 2283 2965 2293 2974; x_wconf 90' lang='lat'><strong>·</strong></span> 
     </span>
    </p>
   </div>
   <div class='ocr_carea' id='block_1_4' title="bbox 2963 3329 3016 3984">
    <p class='ocr_par' dir='ltr' id='par_1_6' title="bbox 2963 3329 3016 3984">
     <span class='ocr_line' id='line_1_29' title="bbox 2963 3329 3016 3984; baseline 0 0"><span class='ocrx_word' id='word_1_270' title='bbox 2963 3329 3016 3984; x_wconf 95' lang='lat' dir='ltr'><strong> </strong></span> 
     </span>
    </p>
   </div>
  </div>
 </body>
</html>
