<?xml version="1.0" encoding="UTF-8"?>
<!DOCTYPE html PUBLIC "-//W3C//DTD XHTML 1.0 Transitional//EN"
    "http://www.w3.org/TR/xhtml1/DTD/xhtml1-transitional.dtd">
<html xmlns="http://www.w3.org/1999/xhtml" xml:lang="en" lang="en">
 <head>
  <title>
</title>
<meta http-equiv="Content-Type" content="text/html;charset=utf-8" />
  <meta name='ocr-system' content='tesseract 3.04.00' />
  <meta name='ocr-capabilities' content='ocr_page ocr_carea ocr_par ocr_line ocrx_word'/>
</head>
<body>
  <div class='ocr_page' id='page_1' title='image "./cartemonialiumde00nortuoft_0112.png"; bbox 0 0 3016 3984; ppageno 0'>
   <div class='ocr_carea' id='block_1_1' title="bbox 923 426 2692 491">
    <p class='ocr_par' dir='ltr' id='par_1_1' title="bbox 923 426 2692 491">
     <span class='ocr_line' id='line_1_1' title="bbox 923 426 2692 491; baseline -0.002 -14"><span class='ocrx_word' id='word_1_1' title='bbox 923 435 984 477; x_wconf 86' lang='lat'>58</span> <span class='ocrx_word' id='word_1_2' title='bbox 1463 427 1683 477; x_wconf 88' lang='lat' dir='ltr'><strong>CARTE</strong></span> <span class='ocrx_word' id='word_1_3' title='bbox 1719 426 2147 476; x_wconf 91' lang='lat' dir='ltr'><strong>MONIALIUM</strong></span> <span class='ocrx_word' id='word_1_4' title='bbox 2389 427 2692 491; x_wconf 78' lang='lat' dir='ltr'>[APPENDIX.</span> 
     </span>
    </p>
   </div>
   <div class='ocr_carea' id='block_1_2' title="bbox 863 646 2430 712">
    <p class='ocr_par' dir='ltr' id='par_1_2' title="bbox 863 646 2430 712">
     <span class='ocr_line' id='line_1_2' title="bbox 863 646 2430 712; baseline -0.001 -14"><span class='ocrx_word' id='word_1_5' title='bbox 863 653 905 699; x_wconf 88' lang='grc'>6.</span> <span class='ocrx_word' id='word_1_6' title='bbox 921 651 1231 698; x_wconf 85' lang='lat' dir='ltr'>Confirmatio</span> <span class='ocrx_word' id='word_1_7' title='bbox 1256 649 1403 712; x_wconf 83' lang='lat' dir='ltr'>Regis</span> <span class='ocrx_word' id='word_1_8' title='bbox 1426 647 1510 697; x_wconf 89' lang='lat' dir='ltr'>sub</span> <span class='ocrx_word' id='word_1_9' title='bbox 1533 664 1708 712; x_wconf 84' lang='lat' dir='ltr'>magno</span> <span class='ocrx_word' id='word_1_10' title='bbox 1731 646 1884 712; x_wconf 80' lang='lat' dir='ltr'>sigillo</span> <span class='ocrx_word' id='word_1_11' title='bbox 1909 650 2024 697; x_wconf 86' lang='lat' dir='ltr'>data</span> <span class='ocrx_word' id='word_1_12' title='bbox 2049 653 2080 696; x_wconf 86' lang='lat'>4</span> <span class='ocrx_word' id='word_1_13' title='bbox 2099 648 2234 711; x_wconf 87' lang='lat' dir='ltr'>Junij</span> <span class='ocrx_word' id='word_1_14' title='bbox 2264 653 2392 697; x_wconf 84' lang='lat'>1540</span> <span class='ocrx_word' id='word_1_15' title='bbox 2419 676 2430 687; x_wconf 87' lang='lat'><strong>·</strong></span> 
     </span>
    </p>
   </div>
   <div class='ocr_carea' id='block_1_3' title="bbox 927 915 2248 983">
    <p class='ocr_par' dir='ltr' id='par_1_3' title="bbox 927 915 2248 983">
     <span class='ocr_line' id='line_1_3' title="bbox 927 915 2248 983; baseline 0 -14"><span class='ocrx_word' id='word_1_16' title='bbox 927 922 1074 969; x_wconf 84' lang='lat' dir='ltr'>Carta</span> <span class='ocrx_word' id='word_1_17' title='bbox 1096 918 1300 967; x_wconf 89' lang='lat' dir='ltr'>Isobelle</span> <span class='ocrx_word' id='word_1_18' title='bbox 1324 919 1490 966; x_wconf 91' lang='lat' dir='ltr'>Hume</span> <span class='ocrx_word' id='word_1_19' title='bbox 1514 915 1723 981; x_wconf 78' lang='lat' dir='ltr'>priorisse</span> <span class='ocrx_word' id='word_1_20' title='bbox 1746 918 1887 983; x_wconf 85' lang='lat' dir='ltr'>super</span> <span class='ocrx_word' id='word_1_21' title='bbox 1909 922 2063 969; x_wconf 85' lang='lat' dir='ltr'>crofta</span> <span class='ocrx_word' id='word_1_22' title='bbox 2085 927 2213 969; x_wconf 88' lang='lat' dir='ltr'>terre</span> <span class='ocrx_word' id='word_1_23' title='bbox 2237 950 2248 960; x_wconf 89' lang='lat'><strong>·</strong></span> 
     </span>
    </p>
   </div>
   <div class='ocr_carea' id='block_1_4' title="bbox 868 1096 2710 2336">
    <p class='ocr_par' dir='ltr' id='par_1_4' title="bbox 868 1096 2710 2246">
     <span class='ocr_line' id='line_1_4' title="bbox 868 1096 2706 1163; baseline 0.001 -16"><span class='ocrx_word' id='word_1_24' title='bbox 868 1106 910 1152; x_wconf 85' lang='lat'>7.</span> <span class='ocrx_word' id='word_1_25' title='bbox 930 1098 1134 1147; x_wconf 89' lang='lat' dir='ltr'>Isobella</span> <span class='ocrx_word' id='word_1_26' title='bbox 1179 1099 1346 1146; x_wconf 92' lang='lat' dir='ltr'>Hume</span> <span class='ocrx_word' id='word_1_27' title='bbox 1392 1096 1604 1160; x_wconf 81' lang='lat' dir='ltr'>priorissa</span> <span class='ocrx_word' id='word_1_28' title='bbox 1648 1098 1922 1147; x_wconf 89' lang='lat' dir='ltr'>monasterii</span> <span class='ocrx_word' id='word_1_29' title='bbox 1974 1101 2035 1147; x_wconf 89' lang='lat' dir='ltr'>de</span> <span class='ocrx_word' id='word_1_30' title='bbox 2081 1100 2428 1148; x_wconf 86' lang='lat' dir='ltr'>Northberwik</span> <span class='ocrx_word' id='word_1_31' title='bbox 2478 1108 2549 1150; x_wconf 80' lang='lat' dir='ltr'>et·</span> <span class='ocrx_word' id='word_1_32' title='bbox 2584 1102 2706 1163; x_wconf 75' lang='lat' dir='ltr'>eJus-</span> 
     </span>
     <span class='ocr_line' id='line_1_5' title="bbox 930 1188 2705 1239; baseline 0.001 -3"><span class='ocrx_word' id='word_1_33' title='bbox 930 1191 1039 1236; x_wconf 89' lang='lat' dir='ltr'>dem</span> <span class='ocrx_word' id='word_1_34' title='bbox 1080 1190 1172 1235; x_wconf 84' lang='lat' dir='ltr'>Ioci</span> <span class='ocrx_word' id='word_1_35' title='bbox 1209 1195 1475 1236; x_wconf 83' lang='lat' dir='ltr'>conventus</span> <span class='ocrx_word' id='word_1_36' title='bbox 1509 1214 1519 1225; x_wconf 91' lang='lat'><strong>·</strong></span> <span class='ocrx_word' id='word_1_37' title='bbox 1547 1214 1559 1225; x_wconf 90' lang='lat'><strong>·</strong></span> <span class='ocrx_word' id='word_1_38' title='bbox 1589 1216 1600 1226; x_wconf 93' lang='lat'><strong>·</strong></span> <span class='ocrx_word' id='word_1_39' title='bbox 1632 1188 1881 1238; x_wconf 84' lang='lat' dir='ltr'>Noveritis</span> <span class='ocrx_word' id='word_1_40' title='bbox 1915 1205 2002 1237; x_wconf 85' lang='lat' dir='ltr'>nos</span> <span class='ocrx_word' id='word_1_41' title='bbox 2036 1218 2047 1228; x_wconf 93' lang='lat'>·</span> <span class='ocrx_word' id='word_1_42' title='bbox 2084 1217 2095 1228; x_wconf 91' lang='lat'><strong>·</strong></span> <span class='ocrx_word' id='word_1_43' title='bbox 2132 1216 2143 1227; x_wconf 87' lang='lat'>·</span> <span class='ocrx_word' id='word_1_44' title='bbox 2178 1191 2239 1237; x_wconf 86' lang='lat' dir='ltr'>ad</span> <span class='ocrx_word' id='word_1_45' title='bbox 2273 1190 2588 1239; x_wconf 87' lang='lat' dir='ltr'>feodifirmam</span> <span class='ocrx_word' id='word_1_46' title='bbox 2621 1190 2705 1238; x_wconf 90' lang='lat' dir='ltr'>seu</span> 
     </span>
     <span class='ocr_line' id='line_1_6' title="bbox 930 1277 2706 1341; baseline 0.001 -14"><span class='ocrx_word' id='word_1_47' title='bbox 930 1277 1260 1341; x_wconf 77' lang='lat' dir='ltr'>emphiteosim</span> <span class='ocrx_word' id='word_1_48' title='bbox 1295 1279 1581 1325; x_wconf 85' lang='lat' dir='ltr'>hereditarie</span> <span class='ocrx_word' id='word_1_49' title='bbox 1617 1279 1863 1327; x_wconf 83' lang='lat' dir='ltr'>dimittere</span> <span class='ocrx_word' id='word_1_50' title='bbox 1898 1307 1908 1317; x_wconf 92' lang='lat'><strong>·</strong></span> <span class='ocrx_word' id='word_1_51' title='bbox 1947 1306 1958 1318; x_wconf 91' lang='lat'><strong>·</strong></span> <span class='ocrx_word' id='word_1_52' title='bbox 1995 1307 2006 1318; x_wconf 91' lang='lat'><strong>·</strong></span> <span class='ocrx_word' id='word_1_53' title='bbox 2043 1279 2325 1328; x_wconf 85' lang='lat' dir='ltr'>Alexandro</span> <span class='ocrx_word' id='word_1_54' title='bbox 2366 1280 2531 1328; x_wconf 92' lang='lat' dir='ltr'>Hume</span> <span class='ocrx_word' id='word_1_55' title='bbox 2571 1282 2706 1328; x_wconf 90' lang='lat' dir='ltr'>fratri</span> 
     </span>
     <span class='ocr_line' id='line_1_7' title="bbox 929 1359 2706 1433; baseline 0 -16"><span class='ocrx_word' id='word_1_56' title='bbox 929 1386 1155 1433; x_wconf 85' lang='lat' dir='ltr'>germano</span> <span class='ocrx_word' id='word_1_57' title='bbox 1195 1370 1391 1417; x_wconf 85' lang='lat' dir='ltr'>Patrioii</span> <span class='ocrx_word' id='word_1_58' title='bbox 1428 1369 1594 1416; x_wconf 87' lang='lat' dir='ltr'>Hume</span> <span class='ocrx_word' id='word_1_59' title='bbox 1631 1370 1692 1417; x_wconf 91' lang='lat' dir='ltr'>de</span> <span class='ocrx_word' id='word_1_60' title='bbox 1731 1370 1996 1432; x_wconf 85' lang='lat' dir='ltr'>Redbrayis</span> <span class='ocrx_word' id='word_1_61' title='bbox 2031 1397 2043 1408; x_wconf 91' lang='lat'><strong>·</strong></span> <span class='ocrx_word' id='word_1_62' title='bbox 2078 1398 2088 1408; x_wconf 92' lang='lat'>-</span> <span class='ocrx_word' id='word_1_63' title='bbox 2126 1397 2136 1407; x_wconf 90' lang='lat'><strong>·</strong></span> <span class='ocrx_word' id='word_1_64' title='bbox 2180 1359 2388 1418; x_wconf 46' lang='lat' dir='ltr'>croftam&#39;</span> <span class='ocrx_word' id='word_1_65' title='bbox 2427 1377 2555 1418; x_wconf 86' lang='lat' dir='ltr'>terre</span> <span class='ocrx_word' id='word_1_66' title='bbox 2595 1386 2706 1419; x_wconf 88' lang='lat' dir='ltr'>oum</span> 
     </span>
     <span class='ocr_line' id='line_1_8' title="bbox 930 1460 2706 1523; baseline -0.001 -15"><span class='ocrx_word' id='word_1_67' title='bbox 930 1462 1240 1523; x_wconf 85' lang='lat' dir='ltr'>pertinenciis</span> <span class='ocrx_word' id='word_1_68' title='bbox 1266 1488 1275 1498; x_wconf 91' lang='lat'><strong>·</strong></span> <span class='ocrx_word' id='word_1_69' title='bbox 1304 1489 1314 1499; x_wconf 87' lang='lat'><strong>·</strong></span> <span class='ocrx_word' id='word_1_70' title='bbox 1340 1486 1350 1496; x_wconf 92' lang='lat'><strong>·</strong></span> <span class='ocrx_word' id='word_1_71' title='bbox 1366 1461 1611 1521; x_wconf 85' lang='lat' dir='ltr'>jacentem</span> <span class='ocrx_word' id='word_1_72' title='bbox 1635 1461 1763 1507; x_wconf 88' lang='lat' dir='ltr'>inter</span> <span class='ocrx_word' id='word_1_73' title='bbox 1785 1475 2089 1507; x_wconf 86' lang='lat' dir='ltr'>communem</span> <span class='ocrx_word' id='word_1_74' title='bbox 2119 1460 2245 1507; x_wconf 90' lang='lat' dir='ltr'>viam</span> <span class='ocrx_word' id='word_1_75' title='bbox 2270 1475 2362 1521; x_wconf 93' lang='lat' dir='ltr'>que</span> <span class='ocrx_word' id='word_1_76' title='bbox 2386 1461 2519 1508; x_wconf 83' lang='lat' dir='ltr'>ducit</span> <span class='ocrx_word' id='word_1_77' title='bbox 2542 1477 2571 1508; x_wconf 94' lang='lat' dir='ltr'>a</span> <span class='ocrx_word' id='word_1_78' title='bbox 2593 1461 2706 1507; x_wconf 84' lang='lat' dir='ltr'>villa</span> 
     </span>
     <span class='ocr_line' id='line_1_9' title="bbox 933 1549 2707 1612; baseline 0.001 -15"><span class='ocrx_word' id='word_1_79' title='bbox 933 1552 992 1598; x_wconf 90' lang='lat' dir='ltr'>de</span> <span class='ocrx_word' id='word_1_80' title='bbox 1018 1551 1365 1597; x_wconf 88' lang='lat' dir='ltr'>Northberwik</span> <span class='ocrx_word' id='word_1_81' title='bbox 1383 1550 1443 1597; x_wconf 91' lang='lat' dir='ltr'>ad</span> <span class='ocrx_word' id='word_1_82' title='bbox 1460 1550 1525 1596; x_wconf 92' lang='lat' dir='ltr'>lie</span> <span class='ocrx_word' id='word_1_83' title='bbox 1545 1549 1811 1605; x_wconf 85' lang='lat' dir='ltr'>Quhitkirk</span> <span class='ocrx_word' id='word_1_84' title='bbox 1829 1566 1890 1596; x_wconf 84' lang='lat' dir='ltr'>ex</span> <span class='ocrx_word' id='word_1_85' title='bbox 1910 1550 2197 1598; x_wconf 83' lang='lat' dir='ltr'>occidentali</span> <span class='ocrx_word' id='word_1_86' title='bbox 2216 1556 2266 1597; x_wconf 90' lang='lat' dir='ltr'>et</span> <span class='ocrx_word' id='word_1_87' title='bbox 2284 1549 2476 1598; x_wconf 92' lang='lat' dir='ltr'>australi</span> <span class='ocrx_word' id='word_1_88' title='bbox 2493 1552 2707 1612; x_wconf 81' lang='lat' dir='ltr'>partibus</span> 
     </span>
     <span class='ocr_line' id='line_1_10' title="bbox 933 1640 2710 1705; baseline 0 -16"><span class='ocrx_word' id='word_1_89' title='bbox 933 1658 1186 1689; x_wconf 85' lang='lat' dir='ltr'>commune</span> <span class='ocrx_word' id='word_1_90' title='bbox 1210 1642 1485 1688; x_wconf 86' lang='lat' dir='ltr'>viridarium</span> <span class='ocrx_word' id='word_1_91' title='bbox 1510 1641 1772 1702; x_wconf 87' lang='lat' dir='ltr'>vulgariter</span> <span class='ocrx_word' id='word_1_92' title='bbox 1795 1640 1864 1688; x_wconf 78' lang='lat' dir='ltr'>the</span> <span class='ocrx_word' id='word_1_93' title='bbox 1888 1657 2118 1689; x_wconf 81' lang='lat' dir='ltr'>commozm</span> <span class='ocrx_word' id='word_1_94' title='bbox 2133 1657 2276 1705; x_wconf 36' lang='lat' dir='ltr'>‘qrene</span> <span class='ocrx_word' id='word_1_95' title='bbox 2309 1641 2369 1705; x_wconf 75' lang='lat' dir='ltr'>of</span> <span class='ocrx_word' id='word_1_96' title='bbox 2390 1641 2710 1690; x_wconf 77' lang='lat' dir='ltr'>Northberwik</span> 
     </span>
     <span class='ocr_line' id='line_1_11' title="bbox 934 1728 2707 1795; baseline 0.001 -16"><span class='ocrx_word' id='word_1_97' title='bbox 934 1749 995 1778; x_wconf 85' lang='lat' dir='ltr'>ex</span> <span class='ocrx_word' id='word_1_98' title='bbox 1019 1731 1199 1779; x_wconf 89' lang='lat' dir='ltr'>boreali</span> <span class='ocrx_word' id='word_1_99' title='bbox 1229 1737 1279 1778; x_wconf 89' lang='lat' dir='ltr'>et</span> <span class='ocrx_word' id='word_1_100' title='bbox 1303 1745 1434 1777; x_wconf 85' lang='lat' dir='ltr'>acras</span> <span class='ocrx_word' id='word_1_101' title='bbox 1458 1737 1585 1777; x_wconf 89' lang='lat' dir='ltr'>terre</span> <span class='ocrx_word' id='word_1_102' title='bbox 1609 1728 1768 1777; x_wconf 90' lang='lat' dir='ltr'>nostre</span> <span class='ocrx_word' id='word_1_103' title='bbox 1792 1732 1851 1778; x_wconf 92' lang='lat' dir='ltr'>de</span> <span class='ocrx_word' id='word_1_104' title='bbox 1876 1731 2223 1779; x_wconf 89' lang='lat' dir='ltr'>Northberwik</span> <span class='ocrx_word' id='word_1_105' title='bbox 2251 1747 2345 1793; x_wconf 91' lang='lat' dir='ltr'>que</span> <span class='ocrx_word' id='word_1_106' title='bbox 2383 1732 2541 1795; x_wconf 78' lang='lat' dir='ltr'>[quas]</span> <span class='ocrx_word' id='word_1_107' title='bbox 2579 1749 2707 1781; x_wconf 86' lang='lat' dir='ltr'>nune</span> 
     </span>
     <span class='ocr_line' id='line_1_12' title="bbox 934 1818 2708 1885; baseline 0.001 -17"><span class='ocrx_word' id='word_1_108' title='bbox 934 1823 1155 1868; x_wconf 84' lang='lat' dir='ltr'>dominus</span> <span class='ocrx_word' id='word_1_109' title='bbox 1179 1821 1238 1867; x_wconf 90' lang='lat' dir='ltr'>de</span> <span class='ocrx_word' id='word_1_110' title='bbox 1262 1818 1366 1867; x_wconf 89' lang='lat' dir='ltr'>Bas</span> <span class='ocrx_word' id='word_1_111' title='bbox 1381 1820 1440 1866; x_wconf 93' lang='lat' dir='ltr'>de</span> <span class='ocrx_word' id='word_1_112' title='bbox 1463 1820 1601 1866; x_wconf 79' lang='lat' dir='ltr'>nobis</span> <span class='ocrx_word' id='word_1_113' title='bbox 1625 1821 1675 1866; x_wconf 92' lang='lat' dir='ltr'>in</span> <span class='ocrx_word' id='word_1_114' title='bbox 1699 1819 1988 1868; x_wconf 85' lang='lat' dir='ltr'>affedatione</span> <span class='ocrx_word' id='word_1_115' title='bbox 2011 1822 2158 1869; x_wconf 90' lang='lat' dir='ltr'>habet</span> <span class='ocrx_word' id='word_1_116' title='bbox 2176 1838 2236 1869; x_wconf 89' lang='lat' dir='ltr'>ex</span> <span class='ocrx_word' id='word_1_117' title='bbox 2256 1823 2475 1869; x_wconf 87' lang='lat' dir='ltr'>orientali</span> <span class='ocrx_word' id='word_1_118' title='bbox 2492 1825 2708 1885; x_wconf 84' lang='lat' dir='ltr'>partibus</span> 
     </span>
     <span class='ocr_line' id='line_1_13' title="bbox 934 1909 2710 1975; baseline 0.002 -18"><span class='ocrx_word' id='word_1_119' title='bbox 934 1938 943 1948; x_wconf 92' lang='lat'><strong>·</strong></span> <span class='ocrx_word' id='word_1_120' title='bbox 969 1940 979 1949; x_wconf 91' lang='lat'><strong>·</strong></span> <span class='ocrx_word' id='word_1_121' title='bbox 1006 1940 1015 1949; x_wconf 90' lang='lat'><strong>·</strong></span> <span class='ocrx_word' id='word_1_122' title='bbox 1043 1912 1308 1958; x_wconf 90' lang='lat' dir='ltr'>Reddendo</span> <span class='ocrx_word' id='word_1_123' title='bbox 1332 1937 1343 1947; x_wconf 89' lang='lat'><strong>·</strong></span> <span class='ocrx_word' id='word_1_124' title='bbox 1368 1938 1378 1948; x_wconf 87' lang='lat'><strong>·</strong></span> <span class='ocrx_word' id='word_1_125' title='bbox 1407 1937 1417 1948; x_wconf 90' lang='lat'><strong>·</strong></span> <span class='ocrx_word' id='word_1_126' title='bbox 1442 1909 1674 1958; x_wconf 88' lang='lat' dir='ltr'>summam</span> <span class='ocrx_word' id='word_1_127' title='bbox 1710 1913 1910 1974; x_wconf 86' lang='lat' dir='ltr'>triginta</span> <span class='ocrx_word' id='word_1_128' title='bbox 1944 1914 2089 1960; x_wconf 89' lang='lat' dir='ltr'>trium</span> <span class='ocrx_word' id='word_1_129' title='bbox 2126 1911 2383 1960; x_wconf 87' lang='lat' dir='ltr'>solidorum</span> <span class='ocrx_word' id='word_1_130' title='bbox 2420 1919 2470 1960; x_wconf 91' lang='lat' dir='ltr'>et</span> <span class='ocrx_word' id='word_1_131' title='bbox 2505 1920 2710 1975; x_wconf 91' lang='lat' dir='ltr'>quatuor</span> 
     </span>
     <span class='ocr_line' id='line_1_14' title="bbox 936 2000 2708 2065; baseline 0.001 -16"><span class='ocrx_word' id='word_1_132' title='bbox 936 2003 1235 2049; x_wconf 86' lang='lat' dir='ltr'>denariorum</span> <span class='ocrx_word' id='word_1_133' title='bbox 1255 2028 1264 2037; x_wconf 93' lang='lat'>-</span> <span class='ocrx_word' id='word_1_134' title='bbox 1286 2026 1296 2037; x_wconf 91' lang='lat'><strong>·</strong></span> <span class='ocrx_word' id='word_1_135' title='bbox 1315 2027 1325 2037; x_wconf 89' lang='lat'><strong>·</strong></span> <span class='ocrx_word' id='word_1_136' title='bbox 1345 2001 1402 2047; x_wconf 94' lang='lat' dir='ltr'>In</span> <span class='ocrx_word' id='word_1_137' title='bbox 1424 2002 1558 2062; x_wconf 86' lang='lat' dir='ltr'>eujus</span> <span class='ocrx_word' id='word_1_138' title='bbox 1578 2003 1647 2048; x_wconf 90' lang='lat' dir='ltr'>rei</span> <span class='ocrx_word' id='word_1_139' title='bbox 1665 2000 1993 2048; x_wconf 85' lang='lat' dir='ltr'>testimonium</span> <span class='ocrx_word' id='word_1_140' title='bbox 2012 2001 2219 2065; x_wconf 82' lang='lat' dir='ltr'>sigillum</span> <span class='ocrx_word' id='word_1_141' title='bbox 2239 2018 2492 2050; x_wconf 87' lang='lat' dir='ltr'>commune</span> <span class='ocrx_word' id='word_1_142' title='bbox 2510 2004 2708 2065; x_wconf 87' lang='lat' dir='ltr'>capituli</span> 
     </span>
     <span class='ocr_line' id='line_1_15' title="bbox 935 2090 2709 2156; baseline 0.002 -18"><span class='ocrx_word' id='word_1_143' title='bbox 935 2092 1051 2140; x_wconf 61' lang='lat' dir='ltr'>dieti</span> <span class='ocrx_word' id='word_1_144' title='bbox 1091 2090 1235 2138; x_wconf 89' lang='lat' dir='ltr'>nostri</span> <span class='ocrx_word' id='word_1_145' title='bbox 1277 2090 1548 2152; x_wconf 86' lang='lat' dir='ltr'>monasterij</span> <span class='ocrx_word' id='word_1_146' title='bbox 1590 2092 1702 2139; x_wconf 84' lang='lat' dir='ltr'>huie</span> <span class='ocrx_word' id='word_1_147' title='bbox 1736 2091 1945 2153; x_wconf 84' lang='lat' dir='ltr'>presenti</span> <span class='ocrx_word' id='word_1_148' title='bbox 1982 2100 2113 2141; x_wconf 87' lang='lat' dir='ltr'>carte</span> <span class='ocrx_word' id='word_1_149' title='bbox 2147 2091 2306 2140; x_wconf 90' lang='lat' dir='ltr'>nostre</span> <span class='ocrx_word' id='word_1_150' title='bbox 2347 2091 2416 2141; x_wconf 85' lang='lat' dir='ltr'>est</span> <span class='ocrx_word' id='word_1_151' title='bbox 2452 2093 2709 2156; x_wconf 89' lang='lat' dir='ltr'>appensum</span> 
     </span>
     <span class='ocr_line' id='line_1_16' title="bbox 936 2179 2708 2246; baseline 0.003 -19"><span class='ocrx_word' id='word_1_152' title='bbox 936 2197 1142 2229; x_wconf 86' lang='lat' dir='ltr'>vnacum</span> <span class='ocrx_word' id='word_1_153' title='bbox 1165 2179 1336 2227; x_wconf 83' lang='lat' dir='ltr'>nostris</span> <span class='ocrx_word' id='word_1_154' title='bbox 1360 2179 1783 2244; x_wconf 83' lang='lat' dir='ltr'>subscriptionibus</span> <span class='ocrx_word' id='word_1_155' title='bbox 1805 2183 2108 2230; x_wconf 86' lang='lat' dir='ltr'>manualibus</span> <span class='ocrx_word' id='word_1_156' title='bbox 2132 2211 2142 2221; x_wconf 92' lang='lat'>·</span> <span class='ocrx_word' id='word_1_157' title='bbox 2171 2188 2198 2231; x_wconf 86' lang='lat'>3</span> <span class='ocrx_word' id='word_1_158' title='bbox 2225 2183 2395 2246; x_wconf 88' lang='lat' dir='ltr'>Mareij</span> <span class='ocrx_word' id='word_1_159' title='bbox 2421 2199 2518 2231; x_wconf 61' lang='grc' dir='ltr'>ΑΔ).</span> <span class='ocrx_word' id='word_1_160' title='bbox 2548 2189 2672 2235; x_wconf 82' lang='grc'><strong>1539</strong></span> <span class='ocrx_word' id='word_1_161' title='bbox 2697 2211 2708 2221; x_wconf 87' lang='grc'>·</span> 
     </span>
    </p>

    <p class='ocr_par' dir='ltr' id='par_1_5' title="bbox 1523 2270 2140 2336">
     <span class='ocr_line' id='line_1_17' title="bbox 1523 2270 2140 2336; baseline 0.005 -19"><span class='ocrx_word' id='word_1_162' title='bbox 1523 2270 1879 2335; x_wconf 63' lang='grc' dir='ltr'>δἀρβονὶρύίοηθε</span> <span class='ocrx_word' id='word_1_163' title='bbox 1900 2272 2107 2336; x_wconf 77' lang='lat' dir='ltr'>utsupra</span> <span class='ocrx_word' id='word_1_164' title='bbox 2130 2300 2140 2310; x_wconf 93' lang='lat'><strong>·</strong></span> 
     </span>
    </p>
   </div>
   <div class='ocr_carea' id='block_1_5' title="bbox 879 2547 2410 2613">
    <p class='ocr_par' dir='ltr' id='par_1_6' title="bbox 879 2547 2410 2613">
     <span class='ocr_line' id='line_1_18' title="bbox 879 2547 2410 2613; baseline 0.005 -19"><span class='ocrx_word' id='word_1_165' title='bbox 879 2554 920 2594; x_wconf 89' lang='lat'>8.</span> <span class='ocrx_word' id='word_1_166' title='bbox 942 2549 1231 2610; x_wconf 88' lang='lat' dir='ltr'>Preoeptum</span> <span class='ocrx_word' id='word_1_167' title='bbox 1255 2554 1305 2595; x_wconf 90' lang='lat' dir='ltr'>et</span> <span class='ocrx_word' id='word_1_168' title='bbox 1327 2547 1700 2597; x_wconf 88' lang='lat' dir='ltr'>instrumentum</span> <span class='ocrx_word' id='word_1_169' title='bbox 1723 2548 1871 2598; x_wconf 88' lang='lat' dir='ltr'>safine</span> <span class='ocrx_word' id='word_1_170' title='bbox 1894 2549 2033 2613; x_wconf 88' lang='lat' dir='ltr'>super</span> <span class='ocrx_word' id='word_1_171' title='bbox 2056 2552 2222 2599; x_wconf 86' lang='lat' dir='ltr'>eadem</span> <span class='ocrx_word' id='word_1_172' title='bbox 2247 2559 2377 2601; x_wconf 85' lang='lat' dir='ltr'>carta</span> <span class='ocrx_word' id='word_1_173' title='bbox 2401 2581 2410 2591; x_wconf 94' lang='lat'>-</span> 
     </span>
    </p>
   </div>
   <div class='ocr_carea' id='block_1_6' title="bbox 880 2815 2714 2980">
    <p class='ocr_par' dir='ltr' id='par_1_7' title="bbox 880 2815 2714 2980">
     <span class='ocr_line' id='line_1_19' title="bbox 880 2815 2712 2891; baseline 0.007 -26"><span class='ocrx_word' id='word_1_174' title='bbox 880 2823 921 2868; x_wconf 90' lang='lat'>9.</span> <span class='ocrx_word' id='word_1_175' title='bbox 942 2815 1215 2864; x_wconf 88' lang='lat' dir='ltr'>Commisfio</span> <span class='ocrx_word' id='word_1_176' title='bbox 1259 2817 1466 2866; x_wconf 92' lang='lat' dir='ltr'>Antonii</span> <span class='ocrx_word' id='word_1_177' title='bbox 1512 2820 1796 2868; x_wconf 62' lang='lat' dir='ltr'>Sanetorum</span> <span class='ocrx_word' id='word_1_178' title='bbox 1842 2829 2047 2884; x_wconf 87' lang='lat' dir='ltr'>quatuor</span> <span class='ocrx_word' id='word_1_179' title='bbox 2085 2830 2419 2873; x_wconf 84' lang='lat' dir='ltr'>coronatorum</span> <span class='ocrx_word' id='word_1_180' title='bbox 2451 2827 2712 2891; x_wconf 89' lang='lat' dir='ltr'>presbyteri</span> 
     </span>
     <span class='ocr_line' id='line_1_20' title="bbox 943 2908 2714 2980; baseline 0.008 -27"><span class='ocrx_word' id='word_1_181' title='bbox 943 2908 1192 2955; x_wconf 84' lang='lat' dir='ltr'>cardinalis</span> <span class='ocrx_word' id='word_1_182' title='bbox 1208 2909 1386 2956; x_wconf 62' lang='lat' dir='ltr'>dimota</span> <span class='ocrx_word' id='word_1_183' title='bbox 1403 2909 1756 2959; x_wconf 83' lang='lat' dir='ltr'>Archidiaoono</span> <span class='ocrx_word' id='word_1_184' title='bbox 1774 2912 2017 2961; x_wconf 84' lang='lat' dir='ltr'>Tevidalie</span> <span class='ocrx_word' id='word_1_185' title='bbox 2035 2920 2086 2962; x_wconf 87' lang='lat' dir='ltr'>et</span> <span class='ocrx_word' id='word_1_186' title='bbox 2104 2914 2312 2978; x_wconf 86' lang='lat' dir='ltr'>Georgio</span> <span class='ocrx_word' id='word_1_187' title='bbox 2330 2916 2471 2980; x_wconf 88' lang='lat' dir='ltr'>Cuyk</span> <span class='ocrx_word' id='word_1_188' title='bbox 2486 2922 2714 2968; x_wconf 85' lang='lat' dir='ltr'>canonico</span> 
     </span>
    </p>
   </div>
   <div class='ocr_carea' id='block_1_7' title="bbox 2962 3398 3016 3984">
    <p class='ocr_par' dir='ltr' id='par_1_8' title="bbox 2962 3398 3016 3984">
     <span class='ocr_line' id='line_1_21' title="bbox 2962 3398 3016 3984; baseline 0 0"><span class='ocrx_word' id='word_1_189' title='bbox 2962 3398 3016 3984; x_wconf 95' lang='lat' dir='ltr'> </span> 
     </span>
    </p>
   </div>
  </div>
 </body>
</html>
