3016 3984
938 1024 1445 1103 APPENDIX
1512 1025 1562 1103 J.
1625 1090 1627 1094 Α

586 1375 938 1419 ΟΑΒΤΑΒΠΜ
972 1378 1430 1422 RECENTIORUM
1462 1379 1912 1422 ABBREVIATIO.

311 1559 349 1600 1·
372 1533 660 1594 Preceptum
678 1534 757 1582 seu
778 1534 1023 1583 Process'us
1042 1539 1091 1583 in
1109 1553 1205 1598 quo
1229 1544 1426 1585 notatur
1443 1538 1576 1585 bulla
1592 1538 1861 1585 Clementis
1885 1554 2007 1599 pape
2032 1538 2144 1585 data

374 1628 402 1669 4
426 1623 593 1670 Nonas
620 1624 738 1686 Maij
768 1630 892 1673 1525
918 1627 1132 1690 utsupra
1155 1627 1218 1674 ad
1236 1643 1471 1674 numerum
1497 1631 1559 1674 34
1584 1626 1955 1689 Archiepiscopo
1980 1627 2143 1674 Sancti

368 1714 566 1761 Andree
583 1731 611 1762 a
633 1715 666 1761 J
668 1717 855 1763 ohanne
874 1715 1093 1779 Baptista
1111 1716 1343 1779 Episcopo
1363 1716 1615 1764 Casentan’
1632 1718 1797 1778 judice
1816 1723 1867 1764 et
1886 1724 2143 1764 executore

368 1821 396 1851 a
418 1805 528 1851 sede
551 1803 808 1866 apostolica
831 1805 1097 1867 specialiter
1115 1808 1347 1867 deputato
1368 1807 1599 1852 direfitum
1623 1822 1708 1867 pro
1727 1807 1921 1853 domina
1940 1805 2144 1853 Isabella

369 1894 514 1941 me
538 1896 809 1943 inducenda
831 1897 891 1943 ad
923 1897 1158 1943 aaualem
1193 1893 1519 1958 poffeffionem
1550 1894 1838 1958 prioriffatus
1869 1894 2142 1943 monasterii

368 1987 427 2032 de
452 1985 825 2034 Northberwick
850 1987 1033 2035 Datum
1057 1989 1212 2035 Rome
1239 1992 1268 2039 7
1291 1984 1501 2049 Augusti
1529 1990 1654 2033 1525
1681 2016 1690 2024 -

368 2259 513 2306 Carta
537 2259 775 2305 Willelmi
801 2258 987 2306 Fowlar
1009 2258 1148 2320 super
1170 2258 1324 2305 tribus
1348 2259 1512 2305 croftis
1546 2259 1596 2303 in
1632 2257 1842 2304 dominio
1871 2257 1930 2302 de
1956 2256 2139 2303 North-

369 2352 549 2396 berwik
574 2380 584 2388 -

369 2530 606 2576 Dominus
661 2530 940 2576 Willelmus
988 2530 1174 2576 Fowlar
1224 2528 1497 2590 capellanus
1543 2527 1704 2574 altaris
1750 2526 1925 2573 Sancte
1971 2525 2137 2572 Crucis

367 2621 552 2666 fundati
576 2621 700 2667 infra
726 2618 972 2667 ecclefiam
1007 2617 1276 2679 monasterij
1313 2619 1373 2664 de
1409 2617 1755 2664 Northberwik
1779 2643 1788 2652 ·
1816 2643 1826 2652 -
1852 2641 1863 2651 ·
1888 2615 2135 2661 Noveritis

367 2726 444 2756 me
468 2725 579 2757 cum
603 2709 828 2757 consensu
864 2717 914 2757 et
948 2708 1128 2756 assensu
1163 2707 1367 2756 Isobelle
1403 2707 1569 2754 Hume
1602 2703 1812 2768 prioriffe
1836 2707 1949 2752 diuzi
1972 2720 2135 2751 mona-

367 2798 493 2861 sterij
519 2801 579 2846 de
603 2800 949 2847 Northberwik
972 2806 1023 2846 et
1048 2806 1313 2846 conventus
1347 2796 1557 2859 ejusdem
1590 2822 1602 2833 ·
1637 2825 1648 2834 ·
1685 2824 1695 2833 ·
1731 2810 1947 2842 meorum
1978 2802 2135 2856 patro-

367 2908 538 2939 norum
582 2893 706 2939 dicte
751 2891 1014 2954 capellanie
1054 2917 1065 2927 ·
1102 2915 1113 2928 ·
1152 2916 1162 2926 ·
1209 2891 1270 2936 ad
1315 2888 1631 2935 feudifirmam
1676 2885 1758 2934 seu
1803 2882 2134 2947 emphiteofim

367 2983 653 3029 hereditarie
698 2983 941 3028 dimittere
985 2979 1250 3027 honorabili
1296 2979 1397 3025 viro
1451 2977 1731 3024 Alexandro
1783 2976 1947 3022 Hume
1998 2975 2132 3022 fratri
