3016 3984
263 652 338 695 12.

263 925 338 968 13.

262 1470 338 1512 14.

265 1834 339 1878 15.

358 416 666 480 strennuo]
909 418 1003 466 DE
1039 416 1582 469 NORTHBERWIO.
2078 423 2137 469 61

359 638 650 701 Preceptum
674 642 725 685 et
747 634 1123 687 instrumentum
1146 637 1295 688 safine
1317 640 1459 704 super
1482 641 1652 689 eadem
1675 648 1808 690 carta
1832 666 1860 680 ν

358 907 633 958 Commiffio
658 911 860 959 Davidis
884 912 1137 960 cardinalis
1162 912 1211 960 S.
1247 912 1446 961 Andree
1480 913 1822 977 archiepiscopi
1856 914 2006 977 legati
2041 915 2143 962 nati

358 1018 414 1050 ac
454 1003 514 1049 de
548 1002 699 1050 latere
734 1004 913 1052 dire&a
947 1004 1232 1052 cancellario
1268 1009 1319 1051 et
1355 1004 1689 1052 archidiacono
1725 1004 2058 1052 Dunblanenfi
2094 1012 2144 1052 et

358 1095 539 1141 decano
564 1095 623 1141 de
647 1093 888 1159 Restalrig
908 1112 994 1158 pro
1027 1096 1355 1143 confirmanda
1385 1096 1556 1143 eadem
1587 1121 1597 1132 ·
1634 1095 1765 1144 Data
1798 1100 1861 1143 14
1892 1096 2143 1144 Kalendas

357 1184 541 1247 Aprilis
568 1200 663 1233 ΑΔ).
688 1201 940 1234 M.D.XL1v.
1041 1191 1046 1196 '

358 1456 672 1504 Confirmatio
708 1457 904 1519 Patricij
943 1456 1157 1503 Forhous
1192 1462 1243 1503 et
1276 1455 1513 1503 Johannis
1560 1456 1914 1506 Dennielstoun
1955 1460 2142 1507 cancel-

357 1547 460 1608 larij
487 1553 537 1594 et
561 1547 881 1594 archidiaconi
906 1544 1263 1594 Dunblanenfis
1288 1547 1402 1594 data
1419 1551 1477 1594 21
1508 1547 1630 1610 Maij
1656 1563 1885 1596 M.D.X1.v.

359 1819 673 1867 Confirmatio
698 1818 887 1881 Regino
909 1817 997 1865 sub
1020 1833 1196 1880 magno
1221 1816 1375 1881 figillo
1399 1820 1513 1868 data
1537 1824 1594 1867 21
1623 1821 1656 1868 J
1659 1823 1840 1884 anuarij
1867 1837 2117 1870 M.D.XLV1.

328 2138 339 2149 ,
358 2093 730 2155 Transumptum
776 2091 908 2139 bulle
934 2090 1074 2138 Pauli
1108 2106 1232 2152 pape
1269 2092 1403 2138 tertii
1437 2090 1577 2155 supra
1610 2101 1779 2142 notate
1814 2096 1877 2143 ad
1909 2113 2144 2144 numerum

358 2186 546 2232 oea‘xviii
580 2190 726 2246 atque
761 2183 959 2231 alterius
993 2182 1128 2230 bulle
1164 2183 1275 2229 date
1310 2182 1467 2230 Rome
1505 2189 1532 2231 5
1567 2184 1668 2232 Kal
1702 2211 1713 2222 ·
1749 2186 1870 2248 Maij
1901 2192 2028 2235 1544
2058 2205 2144 2250 per

360 2277 568 2324 eundem
616 2275 799 2336 Papam
846 2273 1027 2321 directe
1073 2273 1114 2319 F
1116 2271 1311 2320 eltrenfi
1357 2280 1408 2320 et
1454 2275 1765 2324 Brechinensi
1812 2278 2041 2341 episcopis
2087 2296 2142 2327 ac

360 2367 632 2429 precentori
668 2363 864 2413 ecclefic
896 2361 1213 2411 Moravienfis
1247 2379 1332 2425 pro
1368 2363 1645 2414 admiffione
1681 2367 1947 2431 Margarite
1972 2369 2142 2416 Huum

362 2458 422 2504 ad
453 2453 770 2518 prioriffatum
807 2456 866 2502 de
902 2453 1253 2500 Northberwik
1285 2462 1481 2517 recepto
1514 2459 1646 2519 prius
1691 2461 1752 2507 ab
1799 2476 1856 2507 ea
1895 2460 2142 2508 fidelitatis

362 2546 501 2593 solito
516 2547 793 2608 juramento
819 2572 829 2582 ·
856 2543 1042 2591 Datum
1066 2542 1224 2589 Rome
1250 2547 1305 2590 11
1333 2545 1367 2592 J
1370 2546 1453 2608 ulij
1482 2551 1611 2595 1544
1634 2576 1644 2586 ·

265 2843 342 2892 17·
364 2819 609 2870 Proceffus
632 2821 713 2869 seu
736 2827 1020 2883 preceptum
1042 2820 1183 2884 super
1194 2823 1422 2885 prediffis
1445 2822 1592 2870 bullis
1611 2822 1961 2886 archiepiscopo
1980 2823 2145 2872 Sanffi

361 2914 561 2962 Andree
585 2913 817 2960 directum
841 2912 1078 2959 a-Thoma
1111 2913 1384 2976 Camiregio
1416 2913 1584 2975 judice
1618 2919 1668 2960 et
1703 2919 1962 2962 executore
1985 2930 2014 2962 a
2035 2913 2146 2962 sede

362 3003 620 3068 apostolica
642 3002 911 3066 specialiter
934 3004 1167 3066 deputato
1190 3020 1276 3067 pro
1312 3003 1592 3067 Margareta
1618 3003 1767 3051 me
1789 3004 2062 3053 inducenda
2083 3006 2143 3053 ad
