3016 3984
903 436 968 481 48
1443 434 1667 484 CARTE
1702 435 2131 487 MONIALIUM

903 567 1092 628 integre
1135 567 1439 628 perciperent
1473 573 1524 614 et
1558 569 1609 615 in
1643 567 1754 616 usus
1787 567 1894 616 suos
1928 575 2267 618 conuerterent
2309 569 2482 618 Uoluit
2517 573 2680 616 tamen

904 655 983 702 ide
1006 654 1105 719 Eiis
1128 654 1195 718 qd
1229 654 1457 704 abbatissa
1493 663 1544 704 et
1579 665 1848 706 conuentus
1887 661 2101 721 predicte
2137 661 2296 708 eidem
2337 659 2591 707 Willelmo
2626 665 2677 707 et

905 743 1241 795 succefforibus
1289 747 1382 795 suis
1437 748 1532 796 San
1540 750 1779 798 &iandree
1835 749 1954 813 Epis
1997 750 2329 814 presentarent
2375 751 2677 814 capellanum

903 838 1144 900 ydoneum
1167 838 1227 885 ad
1252 836 1618 888 deseruiendum
1650 838 1718 902 iffi
1751 839 1901 887 eccfie
1935 841 2017 902 qui
2051 856 2215 888 curam
2247 841 2448 889 haberet
2481 841 2677 898 animan

903 928 1249 989 parrochianos}
1295 926 1506 975 eiusdem
1552 929 1702 976 ecclie
1747 945 1802 976 ac
1847 935 2029 977 certam
2073 928 2350 992 penfionem
2394 931 2456 978 ab
2500 928 2679 978 eisdem

905 1016 1155 1065 Abbatiss'a
1177 1023 1228 1065 et
1251 1018 1511 1065 Conuentu
1534 1017 1660 1081 absffi
1681 1020 1779 1066 offii
1803 1032 1947 1067 onere
1965 1020 2115 1068 libere
2137 1023 2406 1084 perciperet
2427 1022 2674 1070 annuatim

904 1115 1047 1170 prout
1065 1109 1114 1154 in
1133 1107 1414 1169 quibusdam
1437 1110 1715 1172 patentibus
1733 1109 1910 1157 litteris
1927 1111 2040 1158 inde
2055 1112 2286 1159 ‘confectis
2304 1109 2419 1174 spon
2437 1111 2678 1159 Willelmi

905 1197 1001 1260 Epi
1026 1206 1075 1246 et
1098 1197 1298 1261 capituli
1322 1197 1484 1263 sigillis
1508 1201 1707 1246 munitis
1730 1200 1921 1262 plenius
1951 1178 2230 1248 continetur
2251 1200 2413 1256 Quare
2434 1217 2520 1263 pro
2541 1208 2679 1264 parte

905 1290 1065 1347 ᾶίἃαη
1088 1288 1337 1337 Abbatifl'e
1361 1297 1411 1338 et
1435 1297 1703 1338 conuentus
1724 1291 1862 1338 nobis
1890 1292 2056 1338 extitit
2089 1291 2339 1339 humiliter
2359 1290 2677 1354 supplicatum

904 1386 960 1427 ut
984 1395 1095 1427 cum
1116 1378 1197 1442 ipe
1221 1381 1395 1428 dictam
1420 1382 1643 1429 vicariam
1666 1397 1752 1443 per
1775 1382 1946 1444 viginti
1970 1389 2069 1429 tres
2091 1397 2241 1429 annos
2265 1389 2315 1429 et
2349 1382 2478 1430 ultra
2510 1387 2680 1430 tenue·

903 1472 1001 1518 rint
1025 1469 1302 1533 poffiderint
1325 1479 1468 1534 prout
1502 1473 1658 1520 adhuc
1682 1479 1852 1519 tenent
1877 1478 1927 1518 et
1949 1470 2186 1533 poffident
2221 1472 2417 1534 pacifice
2441 1478 2491 1519 et
2515 1473 2679 1534 quiete

905 1559 1135 1624 premiffis
1159 1562 1405 1609 collationi
1442 1569 1492 1610 et
1527 1563 1878 1610 confirmationi
1911 1563 2058 1609 robur
2090 1562 2466 1610 confirmacionis
2489 1564 2679 1611 adicere

906 1652 964 1699 de
1010 1652 1311 1714 benignitate
1349 1651 1503 1716 afilica
1537 1654 1842 1716 dignaremur
1877 1652 1982 1700 Nos
2016 1653 2166 1715 igitur
2196 1652 2467 1700 huiusmodi
2504 1652 2678 1716 suppli-

905 1743 1172 1790 cationibus
1218 1743 1437 1791 inclinati
1477 1744 1785 1792 collationem
1819 1747 1870 1788 et
1905 1742 2318 1790 confirmationem
2352 1745 2586 1806 predi&as
2627 1751 2678 1792 et

904 1839 1105 1896 quecfiqs
1128 1835 1239 1880 inde
1263 1833 1426 1882 secuta
1448 1842 1553 1882 rata
1574 1835 1808 1882 habentes
1843 1838 1893 1880 et
1925 1839 2063 1896 grata
2096 1833 2180 1881 illa
2213 1835 2498 1882 auctoritate
2521 1834 2679 1897 aplica

903 1940 964 1971 ex
1009 1931 1141 1971 certa
1184 1923 1387 1972 sciencia
1432 1926 1767 1972 confirmamus
1813 1931 1864 1971 et
1907 1922 2139 1986 presentis
2197 1924 2359 1987 scripti
2413 1929 2677 1988 patrocinio

904 2015 1207 2061 comunimus
1232 2014 1474 2063 Volumus
1497 2022 1660 2063 autem
1690 2013 1756 2076 qd
1777 2012 1814 2061 fi
1837 2013 1998 2076 penfio
2026 2013 2294 2062 huiusmodi
2330 2017 2486 2064 eidem
2520 2019 2676 2081 capel-

903 2103 1014 2151 lano
1050 2110 1107 2150 ut
1147 2105 1387 2167 prefertur
1422 2101 1652 2168 affignata
1695 2103 1932 2152 sufficiens
1976 2121 2074 2151 non
2119 2103 2293 2154 existat
2339 2108 2399 2155 de
2443 2109 2675 2157 fiuctibus

901 2194 1169 2241 redditibus
1193 2202 1242 2241 et
1265 2196 1578 2256 proueutibus
1602 2194 1812 2242 eiusdem
1833 2196 2005 2243 vicarie
2024 2196 2180 2242 eidem
2199 2197 2444 2259 capellano
2468 2215 2675 2263 congrua

901 2287 1063 2346 porcio
1087 2282 1346 2347 affignetur
1368 2301 1430 2332 ex
1454 2279 1547 2346 qua
1568 2283 1646 2348 ἰβθ
1681 2285 1842 2332 ualeat
1876 2286 2077 2332 comode
2099 2283 2350 2334 sustentari
2379 2287 2551 2350 Epalia
2573 2291 2676 2338 iura

904 2374 1088 2422 soluere
1125 2381 1176 2422 et
1212 2375 1307 2422 alia
1343 2391 1487 2422 onera
1523 2376 1802 2422 incubentia
1839 2375 2002 2422 debite
2038 2374 2316 2438 supportare
2351 2403 2362 2414 ·
2398 2378 2539 2427 Nulli
2563 2397 2675 2444 ergo

903 2466 1097 2512 omnino
1143 2466 1392 2512 hominum
1438 2466 1582 2513 liceat
1627 2467 1750 2514 hanc
1795 2467 2018 2528 paginam
2063 2465 2150 2513 fire
2201 2468 2573 2518 confirmationis
2624 2480 2674 2521 et

902 2555 1167 2602 uoluntatis
1190 2556 1449 2618 infringere
1472 2556 1549 2603 vel
1573 2557 1616 2602 ei
1641 2556 1755 2603 ausu
1790 2557 2042 2603 temerario
2065 2558 2300 2604 contraire
2325 2558 2486 2620 Siquis
2509 2568 2672 2609 autem

901 2647 991 2692 hoc
1026 2651 1317 2707 attemptare
1350 2644 1685 2708 presumpserit
1718 2647 2098 2710 indignationem
2133 2648 2478 2709 omnipotentis
2512 2651 2588 2697 dei
2623 2659 2672 2699 et

901 2736 1081 2793 beatou
1121 2735 1255 2783 Petri
1293 2742 1343 2783 et
1383 2735 1522 2783 Pauli
1562 2737 1710 2800 aplon
1750 2738 1853 2784 eius
1888 2736 1937 2784 se
1970 2738 2160 2784 nouerit
2194 2736 2489 2786 incursurum
2526 2768 2537 2778 ·
2574 2741 2673 2791 Dat

902 2825 1119 2874 Auiniofx
1141 2827 1207 2889 xij
1233 2825 1306 2873 K}
1327 2826 1498 2888 marcij
1522 2827 1828 2889 pontificatus
1851 2825 1925 2874 firi
1949 2843 2074 2875 anno
2099 2827 2252 2875 Sexto
2275 2855 2286 2866 ·

3011 2374 3016 2407 Ι

3007 2410 3016 2433 i

3008 2435 3016 2459 l

3008 2460 3016 2488 l
