3016 3984
893 416 986 465 DE
1023 417 1560 467 NORTHBERWIC.
2056 430 2083 472 5
2093 430 2113 471 1

342 547 504 609 tigerit
527 548 806 609 attemptari
830 547 882 594 N
884 564 947 595 on
982 546 1282 596 obstantibus
1318 549 1470 597 felicis
1505 551 1847 599 recordationis
1881 552 2116 616 Bonifacij

338 635 410 698 pf>
446 664 463 677 ι,
500 638 581 699 viij
627 635 964 698 predecessoris
1009 637 1085 686 firi
1130 645 1182 686 et
1226 639 1332 687 aliis
1377 638 1546 702 aplicis
1591 639 2015 690 constitutionibus
2060 661 2116 692 ac

338 725 605 789 monasterij
631 729 766 775 cuius
788 729 1004 777 monialis
1027 734 1079 777 et
1115 743 1260 790 quem
1290 734 1347 776 ut
1379 730 1526 777 etiam
1549 728 1706 778 asseris
1729 730 1931 793 profess'a
1953 732 2116 781 existis

338 817 515 864 ordinis
537 818 786 879 predictos}
819 820 1089 867 iuramento
1113 819 1474 867 confirmatione
1496 818 1654 882 aplica
1673 822 1754 868 uel
1778 825 1946 883 quauis
1970 824 2115 871 firmi-

336 913 440 954 tate
473 907 568 955 alia
599 908 832 956 roboratis
865 906 1057 956 statutis
1091 915 1143 957 et
1177 909 1602 959 consuetudinibus
1637 914 1885 975 contrarijS
1925 915 2116 975 quibus-

337 1012 475 1059 cunq3
490 996 595 1043 Aut
613 995 648 1044 fi
666 998 813 1059 aliqui
830 997 969 1060 super
982 997 1329 1061 prouifionibus
1347 998 1433 1046 fibi
1451 1001 1681 1048 faciendis
1696 1003 1755 1049 de
1773 1001 2113 1064 priorifl'atibus

335 1085 602 1133 huiusmodi
624 1086 851 1149 speciales
874 1088 955 1135 uel
978 1089 1082 1149 alijs
1104 1089 1349 1151 beneficijs
1383 1089 1663 1138 eccliasticis
1697 1093 1745 1138 in
1778 1092 1874 1139 illis
1895 1095 2112 1154 partibus

334 1177 581 1238 generales
610 1177 735 1224 dicke
758 1176 880 1224 sedis
904 1178 985 1224 uel
1010 1177 1231 1240 Legato‘u
1256 1181 1358 1226 eius
1394 1179 1604 1228 Litteras
1638 1183 1940 1243 impetrarint
1964 1185 2110 1230 etiam

333 1265 369 1313 fi
403 1283 489 1329 per
523 1283 601 1315 eas
635 1269 695 1314 ad
728 1269 1066 1315 inhibitionem
1105 1268 1476 1316 reseruationem
1511 1277 1562 1317 et
1597 1272 1846 1318 decretum
1880 1273 1958 1319 vel
1993 1274 2109 1321 alias

333 1358 691 1417 quomodolibet
715 1355 773 1404 fit
796 1355 1059 1419 processum
1083 1359 1254 1418 quibus
1278 1360 1499 1406 omnibus
1522 1367 1574 1407 te
1597 1363 1647 1407 in
1671 1359 1959 1410 assecutione
1995 1365 2108 1411 diffl

333 1445 631 1494 Prioriffatus
649 1447 870 1494 volumus
888 1448 1115 1495 anteferri
1132 1446 1214 1494 sed
1238 1448 1426 1495 nullum
1443 1464 1529 1510 per
1550 1451 1640 1497 hoc
1666 1451 1734 1498 eis
1758 1453 1913 1511 quoad
1932 1450 2107 1500 assecu-

330 1537 513 1583 tionem
552 1535 902 1598 prioriffatuum
942 1536 1024 1584 seu
1060 1537 1330 1594 benefieiou
1370 1538 1500 1594 alicu
1537 1540 1853 1599 preiudicium
1889 1543 2105 1603 generari

330 1624 429 1672 Seu
453 1622 487 1671 fi
512 1626 773 1673 venerabili
797 1626 864 1673 fri
898 1626 986 1673 iiro
1017 1625 1262 1688 Archiepo
1299 1626 1642 1675 San&iandree
1678 1636 1728 1675 et
1762 1632 1959 1691 prefatis
1994 1648 2106 1678 con-

326 1717 496 1762 uentui
514 1716 594 1762 uel
614 1714 857 1776 quibusuis
874 1716 979 1778 alijs
999 1719 1320 1763 communiter
1342 1717 1423 1763 uel
1441 1715 1628 1764 diuifim
1647 1719 1707 1765 ab
1727 1720 1894 1766 eadem
1911 1719 1971 1766 fit
1994 1719 2103 1767 sede

328 1806 571 1852 indultum
606 1804 672 1866 qd
705 1807 766 1852 ad
802 1807 1133 1867 recepcionem
1179 1807 1255 1852 vel
1300 1805 1619 1867 prouisionem
1659 1809 1860 1855 alicuius
1904 1811 2103 1857 minime

327 1902 586 1943 teneantur
622 1902 672 1942 et
713 1896 772 1942 ad
809 1896 859 1942 id
899 1896 1123 1957 compelli
1163 1911 1261 1942 non
1300 1894 1475 1958 poffint
1521 1895 1631 1958 qdq1,
1671 1899 1730 1944 de
1762 1896 2102 1959 prioriffatibus

326 1984 595 2032 huiusmodi
629 1985 710 2032 uel
749 1985 853 2032 aliis
887 1985 1131 2045 beneficijs
1172 1983 1449 2031 ecciiasticis
1484 1985 1544 2032 ad
1579 2000 1673 2042 eoqz
1707 1983 1962 2032 collatione
1995 2003 2101 2048 pro-

326 2073 559 2123 uifionem
593 2074 999 2137 presentationem
1034 2073 1319 2122 electionem
1354 2074 1435 2121 seu
1474 2076 1691 2134 quamuis
1728 2076 1871 2122 aliam
1912 2075 2101 2137 disposi-

326 2169 510 2213 tionem
528 2166 818 2213 coniuuctim
836 2165 918 2212 uel
936 2163 1188 2227 separatim
1205 2163 1527 2225 spectantibus
1546 2165 1666 2210 nulli
1684 2165 1843 2212 valeat
1861 2168 2099 2227 prouideri

326 2273 412 2317 per
434 2257 620 2303 litteras
643 2254 819 2317 aplicas
842 2271 940 2302 non
963 2257 1194 2302 facientes
1218 2254 1411 2316 plenam
1435 2260 1486 2300 et
1505 2252 1767 2315 expressam
1791 2271 1846 2301 ac
1871 2256 1929 2302 de
1953 2258 2100 2303 uerbo

327 2349 387 2394 ad
410 2347 609 2393 uerbum
637 2347 696 2392 de
719 2346 907 2392 indulto
930 2344 1201 2392 huiusmodi
1223 2346 1519 2391 mentionem
1545 2352 1596 2391 et
1620 2345 1833 2405 qualibet
1857 2346 1950 2392 alia
1977 2348 2100 2394 dicte

227 2474 238 2484 .
325 2438 448 2485 sedis
482 2437 784 2498 indulgentia
815 2436 1027 2498 generali
1062 2436 1143 2482 uel
1175 2433 1367 2496 speciali
1403 2433 1676 2496 cuiuscunffi
1709 2437 1890 2481 tenoris
1926 2434 2098 2483 existat

326 2544 412 2589 per
441 2541 584 2587 quam
615 2525 915 2587 presentibus
946 2541 1044 2571 non
1079 2523 1342 2586 expressam
1375 2525 1457 2571 uel
1491 2525 1709 2572 totaliter
1742 2541 1839 2571 non
1874 2526 2098 2573 insertam

327 2617 522 2664 &festus
544 2613 813 2661 huiusmodi
835 2617 994 2677 gracie
1017 2616 1237 2677 impediri
1261 2615 1420 2662 valeat
1435 2615 1794 2676 quomodolibet
1819 2615 1898 2661 uel
1923 2615 2098 2661 differri

326 2716 376 2753 et
401 2707 460 2752 de
484 2721 578 2766 qua
600 2703 776 2767 cuiusq3
812 2711 916 2751 toto
954 2711 1122 2752 tenore
1157 2705 1379 2752 habenda
1413 2702 1473 2750 fit
1509 2705 1559 2750 in
1595 2703 1692 2751 siris
1716 2704 1890 2750 litteris
1913 2706 2097 2751 mentio

323 2795 538 2858 specialis
575 2795 715 2841 Nulli
751 2810 862 2856 ergo
895 2796 1090 2841 omnino
1124 2795 1374 2841 hominum
1409 2794 1553 2841 liceat
1589 2795 1712 2840 hanc
1749 2795 1970 2856 paginam
2012 2793 2099 2841 sire

327 2887 635 2934 absolutionis
659 2885 929 2933 collationis
952 2883 1232 2946 prouifionis
1268 2886 1447 2932 decreti
1479 2890 1529 2932 et
1554 2885 1816 2932 voluntatis
1840 2885 2099 2947 infringere
