3016 3984
907 394 969 437 50
1441 386 1664 435 CARTE
1701 388 2126 438 MONIALIUM

904 515 1230 565 ecclesiasticis
1268 515 1522 566 sentenciis
1558 517 1764 566 censuris
1801 526 1852 567 et
1886 521 2023 582 penis
2062 534 2092 566 a
2126 519 2230 566 iure
2268 518 2350 566 uel
2383 520 2444 567 ab
2477 519 2671 566 homine

903 608 1071 668 quauis
1107 604 1348 654 occasione
1382 607 1461 654 uel
1495 606 1634 655 causa
1665 607 1777 655 latis
1809 605 2018 669 siquibus
2051 608 2410 669 quomodolibet
2443 609 2672 657 innodata

903 695 1078 744 existes
1099 697 1159 744 ad
1183 696 1403 744 effectum
1427 695 1718 759 presentium
1742 698 1977 745 duntaxat
2000 695 2384 758 consequendum
2416 698 2515 756 han
2550 696 2669 746 serie

902 784 1204 833 absoluentes
1237 791 1290 832 et
1321 783 1587 833 absolutam
1621 788 1721 833 fore
1755 785 2002 833 censentes
2037 782 2364 833 Prioriffiztum
2400 787 2666 848 prediaum

903 878 984 937 qui
1030 875 1375 924 Conuentualis
1419 873 1489 922 est
1533 891 1589 923 ac
1633 877 1767 933 cuius
1811 875 1992 922 fructus
2041 875 2257 922 redditus
2306 881 2358 922 et
2407 881 2669 938 prouentus

903 972 1099 1013 centum
1139 971 1189 1011 et
1234 965 1507 1025 o&uaginta
1550 964 1705 1020 librani
1751 961 2014 1026 sterlingo‘q.
2059 961 2320 1011 secundum
2364 979 2668 1012 communem

903 1056 1266 1102 extimationem
1317 1053 1527 1108 valorem
1575 1069 1789 1100 annuum
1841 1059 1898 1099 ut
1943 1050 2113 1100 asseris·
2142 1068 2240 1099 non
2284 1054 2527 1101 excedunt
2571 1051 2670 1100 siue

902 1143 1120 1205 premisso
1143 1141 1241 1189 siue
1264 1143 1357 1189 alio
1382 1144 1551 1202 quouis
1574 1143 1715 1189 modo
1739 1149 1824 1189 aut
1847 1158 1910 1189 ex
1938 1142 2136 1189 alterius
2170 1142 2441 1205 cuiuscunq,
2471 1142 2670 1204 persona

901 1236 982 1283 seu
1005 1251 1090 1297 per
1112 1232 1312 1280 similem
1338 1230 1704 1294 resignationem
1729 1231 1856 1279 dic’ce
1881 1229 2106 1278 Ysabelle
2129 1231 2209 1278 uel
2244 1230 2450 1278 cuiusuis
2472 1231 2668 1278 alterius

903 1327 979 1374 de.
1001 1325 1085 1371 illo
1120 1325 1171 1369 in
1212 1321 1401 1368 Romafi
1441 1322 1586 1368 Curia
1623 1322 1702 1367 uel
1742 1327 1879 1367 extra
1919 1336 2024 1366 eam
2072 1322 2218 1367 etiam
2263 1336 2422 1368 coram
2466 1321 2669 1368 Notario

901 1415 1092 1475 publico
1115 1419 1166 1459 et
1188 1411 1406 1458 Testibus
1430 1409 1595 1471 sponte
1619 1411 1790 1457 fastam
1812 1415 1897 1456 aut
1921 1407 2208 1457 assecutione
2230 1410 2426 1456 alterius
2450 1410 2665 1471 beneficij

902 1501 1156 1550 eccliastici
1201 1502 1368 1562 quauis
1413 1501 1554 1547 aucte
1599 1499 1763 1546 collati
1811 1506 1947 1546 vacet
1993 1500 2144 1546 eciam
2190 1497 2224 1545 si
2269 1505 2407 1546 tanto
2451 1505 2667 1561 tempore

900 1594 1142 1640 uacauerit
1181 1590 1247 1652 qd
1284 1593 1386 1637 eius
1426 1590 1618 1638 collatio
1660 1592 1796 1637 iuxta
1836 1589 2110 1636 Lateranefi
2151 1587 2331 1637 statuta
2373 1591 2560 1652 concilij
2605 1593 2666 1638 ad

902 1680 1057 1728 sedem
1103 1682 1361 1742 predfflam
1395 1681 1610 1742 legitime
1644 1681 1872 1727 deuoluta
1905 1695 2011 1741 neq3
2044 1678 2331 1740 priorifl'atus
2376 1678 2666 1742 dispositioni

901 1771 1054 1833 aplice
1077 1770 1341 1832 specialiter
1365 1771 1439 1817 vel
1463 1770 1578 1818 alias
1602 1771 1749 1818 etiam
1772 1787 1834 1817 ex
1868 1787 1925 1817 eo
1961 1769 2028 1831 qd
2061 1770 2393 1817 conuentualis
2426 1769 2588 1818 existit
2610 1779 2665 1818 ut

900 1863 1137 1922 prefertur
1157 1861 1446 1923 generaliter
1467 1859 1733 1907 reseruatus
1757 1858 1930 1907 existat
1954 1867 2004 1907 et
2028 1861 2087 1908 ad
2110 1876 2221 1907 eum
2239 1859 2537 1908 consueuerit
2560 1863 2666 1922 quis

898 1967 983 2012 per
1006 1951 1287 1996 elefflonem
1311 1948 1475 1996 assumi
1499 1952 1588 2012 eiq⁵
1611 1967 1724 1997 cura
1746 1966 1831 2012 per
1864 1952 2093 1998 vicarium
2126 1950 2208 1997 seu
2231 1951 2430 1998 vicarios
2453 1953 2665 1998 exerceri

898 2041 1036 2089 solita
1069 2058 1124 2088 ac
1155 2042 1301 2088 etiam
1328 2041 1716 2102 jurisdictionalis
1751 2042 2001 2088 immineat
2034 2042 2229 2098 animan}
2262 2039 2401 2102 supra
2433 2057 2490 2088 eo
2527 2058 2664 2104 quoq„

898 2134 1025 2179 inter
1062 2132 1243 2192 aliquos
1280 2131 1338 2178 lis
1375 2133 1509 2177 cuius
1549 2129 1722 2178 statum
1764 2130 2060 2192 presentibus
2106 2131 2270 2178 haberi
2314 2131 2534 2179 volumus
2578 2149 2663 2195 pro

899 2219 1109 2282 expresso
1133 2222 1340 2281 pendeat
1358 2220 1563 2267 indecisa
1587 2221 1845 2266 dummodo
1869 2221 1970 2266 eius
1993 2217 2230 2281 dispositio
2254 2221 2312 2267 ad
2336 2235 2423 2267 nos
2445 2222 2534 2269 hac
2557 2224 2662 2270 uice

898 2312 1135 2372 'pertineat
1180 2325 1290 2356 cum
1336 2311 1395 2356 ad
1440 2310 1530 2356 hoc
1577 2310 1786 2366 dilectam
1831 2312 1881 2356 in
1926 2309 2024 2372 xpo
2069 2311 2203 2367 filia‘zp
2238 2318 2504 2358 conuentus
2537 2311 2662 2374 ipius

899 2395 1162 2460 ‹nonasterij
1197 2415 1283 2461 per
1315 2400 1553 2460 prefatum
1589 2400 1824 2446 Jacobum
1860 2415 1953 2456 eo‘zp
1987 2406 2341 2461 procuratorem
2374 2402 2435 2448 ad
2468 2402 2557 2449 hoc
2603 2403 2662 2449 ab

901 2489 967 2534 eis
992 2489 1137 2534 etiam
1167 2487 1432 2549 specialiter
1465 2487 1777 2536 constitutum
1812 2488 2052 2551 expressus
2086 2491 2283 2537 accedat
2315 2490 2518 2538 assensus
2552 2509 2662 2540 cum

902 2579 1119 2624 omnibus
1142 2580 1323 2626 iuribus
1347 2585 1397 2625 et
1424 2580 1730 2640 pertinencijS
1764 2579 1857 2626 suis
1893 2578 2049 2641 afflica
2078 2580 2167 2627 tibi
2201 2581 2342 2627 aucte
2376 2582 2661 2629 conferimus

902 2673 950 2712 et
992 2668 1051 2713 de
1087 2667 1170 2714 illo
1210 2669 1355 2714 etiam
1392 2669 1695 2728 prouidemus
1741 2668 2070 2716 Decernentes
2107 2676 2250 2730 prout
2284 2668 2355 2716 est
2387 2671 2574 2717 irritum
2610 2680 2660 2719 et

901 2758 1042 2803 inane
1082 2754 1116 2802 fi
1156 2756 1288 2803 secus
1323 2756 1461 2818 super
1498 2758 1590 2818 hijs
1628 2774 1656 2804 a
1692 2774 1927 2819 quoquam
1969 2760 2135 2820 quauis
2174 2761 2316 2806 aucte
2351 2759 2552 2808 scienter
2584 2763 2660 2808 vel

899 2847 1171 2906 ignoranter
1194 2853 1535 2907 attemptatum
1559 2846 1711 2895 forsan
1743 2846 1813 2895 est
1846 2849 2073 2897 ha&enus
2106 2849 2186 2896 uel
2219 2847 2525 2911 imposterum
2541 2867 2660 2898 con-
