<?xml version="1.0" encoding="UTF-8"?>
<!DOCTYPE html PUBLIC "-//W3C//DTD XHTML 1.0 Transitional//EN"
    "http://www.w3.org/TR/xhtml1/DTD/xhtml1-transitional.dtd">
<html xmlns="http://www.w3.org/1999/xhtml" xml:lang="en" lang="en">
 <head>
  <title>
</title>
<meta http-equiv="Content-Type" content="text/html;charset=utf-8" />
  <meta name='ocr-system' content='tesseract 3.04.00' />
  <meta name='ocr-capabilities' content='ocr_page ocr_carea ocr_par ocr_line ocrx_word'/>
</head>
<body>
  <div class='ocr_page' id='page_1' title='image "./cartemonialiumde00nortuoft_0037.png"; bbox 0 0 2872 3892; ppageno 0'>
   <div class='ocr_carea' id='block_1_1' title="bbox 1140 394 2174 458">
    <p class='ocr_par' dir='ltr' id='par_1_1' title="bbox 1140 394 2174 458">
     <span class='ocr_line' id='line_1_1' title="bbox 1140 394 2174 458; baseline 0.012 -12"><span class='ocrx_word' id='word_1_1' title='bbox 1140 394 1438 450; x_wconf 74' lang='lat' dir='ltr'>TABULA.</span> <span class='ocrx_word' id='word_1_2' title='bbox 2057 410 2174 458; x_wconf 80' lang='lat' dir='ltr'><strong>xxxi</strong></span> 
     </span>
    </p>
   </div>
   <div class='ocr_carea' id='block_1_2' title="bbox 379 524 2173 954">
    <p class='ocr_par' dir='ltr' id='par_1_2' title="bbox 379 524 2173 954">
     <span class='ocr_line' id='line_1_2' title="bbox 452 524 2173 596; baseline 0.008 -21"><span class='ocrx_word' id='word_1_3' title='bbox 452 529 528 577; x_wconf 76' lang='lat'>12.</span> <span class='ocrx_word' id='word_1_4' title='bbox 565 524 831 577; x_wconf 80' lang='lat' dir='ltr'>Edwardue</span> <span class='ocrx_word' id='word_1_5' title='bbox 859 527 921 577; x_wconf 88' lang='lat' dir='ltr'>de</span> <span class='ocrx_word' id='word_1_6' title='bbox 962 525 1199 578; x_wconf 76' lang='lat' dir='ltr'>Laetalrie</span> <span class='ocrx_word' id='word_1_7' title='bbox 1236 528 1320 578; x_wconf 82' lang='lat' dir='ltr'>dat</span> <span class='ocrx_word' id='word_1_8' title='bbox 1343 530 1520 580; x_wconf 79' lang='lat' dir='ltr'>toftum</span> <span class='ocrx_word' id='word_1_9' title='bbox 1544 533 1672 596; x_wconf 79' lang='lat' dir='ltr'>apud</span> <span class='ocrx_word' id='word_1_10' title='bbox 1696 531 1824 584; x_wconf 83' lang='lat' dir='ltr'>Leth</span> <span class='ocrx_word' id='word_1_11' title='bbox 1847 542 1898 585; x_wconf 91' lang='lat' dir='ltr'>et</span> <span class='ocrx_word' id='word_1_12' title='bbox 1922 544 2019 587; x_wconf 77' lang='lat' dir='ltr'>tres</span> <span class='ocrx_word' id='word_1_13' title='bbox 2042 554 2173 589; x_wconf 76' lang='lat' dir='ltr'>een-ae</span> 
     </span>
     <span class='ocr_line' id='line_1_3' title="bbox 379 617 1319 685; baseline 0.003 -19"><span class='ocrx_word' id='word_1_14' title='bbox 379 622 507 667; x_wconf 82' lang='lat' dir='ltr'>terre</span> <span class='ocrx_word' id='word_1_15' title='bbox 529 617 655 682; x_wconf 79' lang='lat' dir='ltr'>apud</span> <span class='ocrx_word' id='word_1_16' title='bbox 680 617 962 669; x_wconf 81' lang='lat' dir='ltr'>Greneeide.</span> <span class='ocrx_word' id='word_1_17' title='bbox 1033 617 1319 685; x_wconf 82' lang='lat'>[1178-88.]</span> 
     </span>
     <span class='ocr_line' id='line_1_4' title="bbox 539 706 2172 767; baseline 0.007 -18"><span class='ocrx_word' id='word_1_18' title='bbox 539 706 715 761; x_wconf 69' lang='lat' dir='ltr'>origin-J</span> <span class='ocrx_word' id='word_1_19' title='bbox 733 707 774 749; x_wconf 67' lang='lat' dir='ltr'>in</span> <span class='ocrx_word' id='word_1_20' title='bbox 793 707 859 751; x_wconf 63' lang='lat' dir='ltr'>u„</span> <span class='ocrx_word' id='word_1_21' title='bbox 877 709 1087 763; x_wconf 71' lang='lat' dir='ltr'>poue-aion</span> <span class='ocrx_word' id='word_1_22' title='bbox 1105 708 1149 750; x_wconf 75' lang='grc' dir='ltr'>οε</span> <span class='ocrx_word' id='word_1_23' title='bbox 1170 708 1250 750; x_wconf 71' lang='lat' dir='ltr'>ur.</span> <span class='ocrx_word' id='word_1_24' title='bbox 1266 709 1510 752; x_wconf 62' lang='lat' dir='ltr'>Madau-ad.</span> <span class='ocrx_word' id='word_1_25' title='bbox 1566 711 1784 767; x_wconf 60' lang='grc' dir='ltr'>πομπὰ.</span> <span class='ocrx_word' id='word_1_26' title='bbox 1837 714 1919 758; x_wconf 66' lang='grc' dir='ltr'>τι.</span> <span class='ocrx_word' id='word_1_27' title='bbox 1937 717 2172 759; x_wconf 57' lang='lat' dir='ltr'>„mark-me</span> 
     </span>
     <span class='ocr_line' id='line_1_5' title="bbox 484 776 1819 840; baseline 0.005 -21"><span class='ocrx_word' id='word_1_28' title='bbox 484 776 563 820; x_wconf 67' lang='grc' dir='ltr'>καὶ</span> <span class='ocrx_word' id='word_1_29' title='bbox 581 776 614 819; x_wconf 77' lang='lat' dir='ltr'>i·</span> <span class='ocrx_word' id='word_1_30' title='bbox 631 777 712 819; x_wconf 75' lang='lat' dir='ltr'>aluo</span> <span class='ocrx_word' id='word_1_31' title='bbox 729 778 972 833; x_wconf 66' lang='lat' dir='ltr'>represented</span> <span class='ocrx_word' id='word_1_32' title='bbox 990 779 1031 820; x_wconf 86' lang='lat' dir='ltr'>in</span> <span class='ocrx_word' id='word_1_33' title='bbox 1051 778 1206 820; x_wconf 74' lang='lat' dir='ltr'>Raine&#39;s</span> <span class='ocrx_word' id='word_1_34' title='bbox 1223 778 1264 819; x_wconf 88' lang='lat' dir='ltr'>N</span> <span class='ocrx_word' id='word_1_35' title='bbox 1266 778 1352 821; x_wconf 74' lang='lat' dir='ltr'>orth</span> <span class='ocrx_word' id='word_1_36' title='bbox 1370 778 1558 832; x_wconf 76' lang='lat' dir='ltr'>Dux-ham,</span> <span class='ocrx_word' id='word_1_37' title='bbox 1572 781 1676 840; x_wconf 72' lang='lat' dir='ltr'>App.</span> <span class='ocrx_word' id='word_1_38' title='bbox 1695 796 1735 838; x_wconf 77' lang='lat' dir='ltr'>p.</span> <span class='ocrx_word' id='word_1_39' title='bbox 1755 789 1819 826; x_wconf 75' lang='lat'>41.</span> 
     </span>
     <span class='ocr_line' id='line_1_6' title="bbox 441 884 2170 954; baseline 0.006 -20"><span class='ocrx_word' id='word_1_40' title='bbox 441 889 515 934; x_wconf 80' lang='grc'>18.</span> <span class='ocrx_word' id='word_1_41' title='bbox 551 884 879 936; x_wconf 84' lang='lat' dir='ltr'>Dunnecanus</span> <span class='ocrx_word' id='word_1_42' title='bbox 902 902 1063 936; x_wconf 85' lang='lat' dir='ltr'>eomes</span> <span class='ocrx_word' id='word_1_43' title='bbox 1086 887 1147 936; x_wconf 90' lang='lat' dir='ltr'>de</span> <span class='ocrx_word' id='word_1_44' title='bbox 1171 886 1332 936; x_wconf 81' lang='lat' dir='ltr'><strong>Carrio</strong></span> <span class='ocrx_word' id='word_1_45' title='bbox 1355 887 1439 938; x_wconf 88' lang='lat' dir='ltr'>dat</span> <span class='ocrx_word' id='word_1_46' title='bbox 1467 889 1549 953; x_wconf 81' lang='lat' dir='ltr'>jue</span> <span class='ocrx_word' id='word_1_47' title='bbox 1582 896 1862 954; x_wconf 81' lang='lat' dir='ltr'>patronatus</span> <span class='ocrx_word' id='word_1_48' title='bbox 1885 894 2087 944; x_wconf 81' lang='lat' dir='ltr'>ecclesie</span> <span class='ocrx_word' id='word_1_49' title='bbox 2110 896 2170 944; x_wconf 89' lang='lat' dir='ltr'>de</span> 
     </span>
    </p>
   </div>
   <div class='ocr_carea' id='block_1_3' title="bbox 380 975 1020 1043">
    <p class='ocr_par' dir='ltr' id='par_1_3' title="bbox 380 975 1020 1043">
     <span class='ocr_line' id='line_1_7' title="bbox 380 975 1020 1043; baseline 0.005 -18"><span class='ocrx_word' id='word_1_50' title='bbox 380 975 681 1040; x_wconf 81' lang='lat' dir='ltr'>Maybothel.</span> <span class='ocrx_word' id='word_1_51' title='bbox 761 977 828 1043; x_wconf 88' lang='lat' dir='ltr'>[a.</span> <span class='ocrx_word' id='word_1_52' title='bbox 852 977 1020 1042; x_wconf 75' lang='grc'><strong>1250]</strong></span> 
     </span>
    </p>
   </div>
   <div class='ocr_carea' id='block_1_4' title="bbox 539 1062 2167 1182">
    <p class='ocr_par' dir='ltr' id='par_1_4' title="bbox 539 1062 2167 1182">
     <span class='ocr_line' id='line_1_8' title="bbox 539 1062 2167 1126; baseline 0.006 -20"><span class='ocrx_word' id='word_1_53' title='bbox 539 1066 714 1119; x_wconf 78' lang='lat' dir='ltr'>original</span> <span class='ocrx_word' id='word_1_54' title='bbox 734 1067 773 1108; x_wconf 90' lang='lat' dir='ltr'>in</span> <span class='ocrx_word' id='word_1_55' title='bbox 793 1068 858 1109; x_wconf 88' lang='lat' dir='ltr'>the</span> <span class='ocrx_word' id='word_1_56' title='bbox 876 1068 1085 1121; x_wconf 74' lang='lat' dir='ltr'><strong>possession</strong></span> <span class='ocrx_word' id='word_1_57' title='bbox 1104 1068 1146 1109; x_wconf 80' lang='lat' dir='ltr'>of</span> <span class='ocrx_word' id='word_1_58' title='bbox 1161 1068 1238 1109; x_wconf 81' lang='lat' dir='ltr'>Mr-</span> <span class='ocrx_word' id='word_1_59' title='bbox 1259 1067 1387 1111; x_wconf 78' lang='lat' dir='ltr'>Innes.</span> <span class='ocrx_word' id='word_1_60' title='bbox 1435 1069 1517 1112; x_wconf 72' lang='lat' dir='ltr'>&#39;rho</span> <span class='ocrx_word' id='word_1_61' title='bbox 1534 1062 1625 1119; x_wconf 71' lang='lat' dir='ltr'>eeal,</span> <span class='ocrx_word' id='word_1_62' title='bbox 1645 1085 1668 1112; x_wconf 82' lang='grc' dir='ltr'>ι</span> <span class='ocrx_word' id='word_1_63' title='bbox 1685 1073 1824 1126; x_wconf 74' lang='lat' dir='ltr'><strong>griffln,</strong></span> <span class='ocrx_word' id='word_1_64' title='bbox 1841 1080 1907 1115; x_wconf 86' lang='lat' dir='ltr'>not</span> <span class='ocrx_word' id='word_1_65' title='bbox 1927 1088 1974 1115; x_wconf 90' lang='lat' dir='ltr'>on</span> <span class='ocrx_word' id='word_1_66' title='bbox 1994 1089 2018 1116; x_wconf 81' lang='lat' dir='ltr'>a</span> <span class='ocrx_word' id='word_1_67' title='bbox 2035 1075 2167 1117; x_wconf 73' lang='lat' dir='ltr'>ahield.</span> 
     </span>
     <span class='ocr_line' id='line_1_9' title="bbox 905 1138 1644 1182; baseline 0.003 -3"><span class='ocrx_word' id='word_1_68' title='bbox 905 1150 971 1179; x_wconf 78' lang='lat' dir='ltr'>sm</span> <span class='ocrx_word' id='word_1_69' title='bbox 999 1168 1009 1179; x_wconf 90' lang='lat'>.</span> <span class='ocrx_word' id='word_1_70' title='bbox 1039 1167 1048 1178; x_wconf 88' lang='lat'><strong>.</strong></span> <span class='ocrx_word' id='word_1_71' title='bbox 1079 1138 1119 1178; x_wconf 84' lang='lat' dir='ltr'>lv</span> <span class='ocrx_word' id='word_1_72' title='bbox 1148 1167 1319 1180; x_wconf 92' lang='grc'><strong>.....</strong></span> <span class='ocrx_word' id='word_1_73' title='bbox 1351 1151 1388 1180; x_wconf 78' lang='grc' dir='ltr'>ιι</span> <span class='ocrx_word' id='word_1_74' title='bbox 1406 1150 1462 1181; x_wconf 79' lang='lat' dir='ltr'>nn</span> <span class='ocrx_word' id='word_1_75' title='bbox 1480 1152 1644 1182; x_wconf 70' lang='lat' dir='ltr'>omme.</span> 
     </span>
    </p>
   </div>
   <div class='ocr_carea' id='block_1_5' title="bbox 446 1229 2218 1389">
    <p class='ocr_par' dir='ltr' id='par_1_5' title="bbox 446 1229 2218 1389">
     <span class='ocr_line' id='line_1_10' title="bbox 446 1229 2218 1316; baseline 0.003 -23"><span class='ocrx_word' id='word_1_76' title='bbox 446 1249 521 1293; x_wconf 87' lang='lat'>14.</span> <span class='ocrx_word' id='word_1_77' title='bbox 558 1244 852 1295; x_wconf 88' lang='lat' dir='ltr'>Duneeanus</span> <span class='ocrx_word' id='word_1_78' title='bbox 868 1246 928 1295; x_wconf 89' lang='lat' dir='ltr'>de</span> <span class='ocrx_word' id='word_1_79' title='bbox 943 1246 1103 1295; x_wconf 84' lang='lat' dir='ltr'><strong>Carrio</strong></span> <span class='ocrx_word' id='word_1_80' title='bbox 1119 1247 1202 1295; x_wconf 89' lang='lat' dir='ltr'>dat</span> <span class='ocrx_word' id='word_1_81' title='bbox 1216 1246 1467 1296; x_wconf 81' lang='lat' dir='ltr'>ecelesiam</span> <span class='ocrx_word' id='word_1_82' title='bbox 1483 1249 1544 1297; x_wconf 89' lang='lat' dir='ltr'>de</span> <span class='ocrx_word' id='word_1_83' title='bbox 1563 1248 1861 1312; x_wconf 81' lang='lat' dir='ltr'>Maybothel.</span> <span class='ocrx_word' id='word_1_84' title='bbox 1900 1251 1967 1316; x_wconf 89' lang='lat' dir='ltr'>[a.</span> <span class='ocrx_word' id='word_1_85' title='bbox 1999 1251 2164 1315; x_wconf 73' lang='grc'><strong>1260]</strong></span> <span class='ocrx_word' id='word_1_86' title='bbox 2204 1229 2218 1298; x_wconf 60' lang='lat' dir='ltr'><em>ss</em></span> 
     </span>
     <span class='ocr_line' id='line_1_11' title="bbox 537 1334 2167 1389; baseline 0.006 -15"><span class='ocrx_word' id='word_1_87' title='bbox 537 1334 713 1387; x_wconf 84' lang='lat' dir='ltr'><strong>Original</strong></span> <span class='ocrx_word' id='word_1_88' title='bbox 741 1341 782 1376; x_wconf 85' lang='lat' dir='ltr'>at</span> <span class='ocrx_word' id='word_1_89' title='bbox 806 1335 1008 1376; x_wconf 86' lang='lat' dir='ltr'>Panmure.</span> <span class='ocrx_word' id='word_1_90' title='bbox 1066 1337 1104 1375; x_wconf 89' lang='lat' dir='ltr'>A</span> <span class='ocrx_word' id='word_1_91' title='bbox 1123 1336 1313 1389; x_wconf 73' lang='lat' dir='ltr'>fragment</span> <span class='ocrx_word' id='word_1_92' title='bbox 1340 1336 1383 1377; x_wconf 82' lang='lat' dir='ltr'>of</span> <span class='ocrx_word' id='word_1_93' title='bbox 1404 1350 1429 1378; x_wconf 82' lang='lat' dir='ltr'>a</span> <span class='ocrx_word' id='word_1_94' title='bbox 1455 1338 1533 1378; x_wconf 63' lang='lat' dir='ltr'>seed</span> <span class='ocrx_word' id='word_1_95' title='bbox 1561 1339 1735 1389; x_wconf 74' lang='lat' dir='ltr'>remeius,</span> <span class='ocrx_word' id='word_1_96' title='bbox 1765 1340 1828 1381; x_wconf 86' lang='lat' dir='ltr'>the</span> <span class='ocrx_word' id='word_1_97' title='bbox 1855 1353 1958 1382; x_wconf 78' lang='lat' dir='ltr'>same</span> <span class='ocrx_word' id='word_1_98' title='bbox 1984 1342 2075 1382; x_wconf 84' lang='lat' dir='ltr'>with</span> <span class='ocrx_word' id='word_1_99' title='bbox 2103 1343 2167 1383; x_wconf 79' lang='lat' dir='ltr'>the</span> 
     </span>
    </p>
   </div>
   <div class='ocr_carea' id='block_1_6' title="bbox 375 1405 2162 1940">
    <p class='ocr_par' dir='ltr' id='par_1_6' title="bbox 375 1405 2162 1940">
     <span class='ocr_line' id='line_1_12' title="bbox 482 1405 695 1459; baseline 0.005 -14"><span class='ocrx_word' id='word_1_100' title='bbox 482 1405 695 1459; x_wconf 81' lang='lat' dir='ltr'>preceding.</span> 
     </span>
     <span class='ocr_line' id='line_1_13' title="bbox 449 1513 2161 1567; baseline 0.005 -8"><span class='ocrx_word' id='word_1_101' title='bbox 449 1518 520 1561; x_wconf 89' lang='lat'>15.</span> <span class='ocrx_word' id='word_1_102' title='bbox 560 1513 828 1562; x_wconf 88' lang='lat' dir='ltr'>Nieholaus</span> <span class='ocrx_word' id='word_1_103' title='bbox 869 1513 995 1561; x_wconf 86' lang='lat' dir='ltr'><strong>filius</strong></span> <span class='ocrx_word' id='word_1_104' title='bbox 1037 1513 1290 1563; x_wconf 84' lang='lat' dir='ltr'>Duneeani</span> <span class='ocrx_word' id='word_1_105' title='bbox 1333 1514 1392 1562; x_wconf 85' lang='lat' dir='ltr'>de</span> <span class='ocrx_word' id='word_1_106' title='bbox 1424 1514 1585 1563; x_wconf 77' lang='lat' dir='ltr'>Carrio</span> <span class='ocrx_word' id='word_1_107' title='bbox 1625 1518 1875 1566; x_wconf 78' lang='lat' dir='ltr'>confirmat</span> <span class='ocrx_word' id='word_1_108' title='bbox 1915 1519 2161 1567; x_wconf 81' lang='lat' dir='ltr'>eeclesiam</span> 
     </span>
     <span class='ocr_line' id='line_1_14' title="bbox 378 1603 1714 1670; baseline 0.001 -17"><span class='ocrx_word' id='word_1_109' title='bbox 378 1605 427 1653; x_wconf 81' lang='lat' dir='ltr'>S.</span> <span class='ocrx_word' id='word_1_110' title='bbox 453 1605 712 1653; x_wconf 87' lang='lat' dir='ltr'>Chutberti</span> <span class='ocrx_word' id='word_1_111' title='bbox 739 1605 798 1652; x_wconf 87' lang='lat' dir='ltr'>de</span> <span class='ocrx_word' id='word_1_112' title='bbox 823 1603 1099 1652; x_wconf 85' lang='lat' dir='ltr'>Maibothel</span> <span class='ocrx_word' id='word_1_113' title='bbox 1124 1605 1173 1652; x_wconf 90' lang='lat' dir='ltr'>in</span> <span class='ocrx_word' id='word_1_114' title='bbox 1199 1604 1377 1652; x_wconf 84' lang='lat' dir='ltr'>Carrio.</span> <span class='ocrx_word' id='word_1_115' title='bbox 1450 1604 1517 1668; x_wconf 87' lang='lat' dir='ltr'>[a.</span> <span class='ocrx_word' id='word_1_116' title='bbox 1547 1606 1714 1670; x_wconf 71' lang='grc'><strong>1250]</strong></span> 
     </span>
     <span class='ocr_line' id='line_1_15' title="bbox 535 1693 1744 1747; baseline 0.002 -14"><span class='ocrx_word' id='word_1_117' title='bbox 535 1694 710 1747; x_wconf 82' lang='lat' dir='ltr'><strong>Original</strong></span> <span class='ocrx_word' id='word_1_118' title='bbox 732 1695 769 1733; x_wconf 93' lang='lat' dir='ltr'>in</span> <span class='ocrx_word' id='word_1_119' title='bbox 790 1694 855 1735; x_wconf 84' lang='lat' dir='ltr'>the</span> <span class='ocrx_word' id='word_1_120' title='bbox 871 1694 1081 1747; x_wconf 83' lang='lat' dir='ltr'><strong>possession</strong></span> <span class='ocrx_word' id='word_1_121' title='bbox 1101 1694 1144 1735; x_wconf 77' lang='lat' dir='ltr'>os</span> <span class='ocrx_word' id='word_1_122' title='bbox 1158 1694 1233 1735; x_wconf 81' lang='lat' dir='ltr'>Mr.</span> <span class='ocrx_word' id='word_1_123' title='bbox 1254 1693 1381 1735; x_wconf 82' lang='lat' dir='ltr'>Innes.</span> <span class='ocrx_word' id='word_1_124' title='bbox 1440 1694 1521 1735; x_wconf 79' lang='lat' dir='ltr'>&#39;rho</span> <span class='ocrx_word' id='word_1_125' title='bbox 1540 1697 1616 1735; x_wconf 82' lang='lat' dir='ltr'>soal</span> <span class='ocrx_word' id='word_1_126' title='bbox 1635 1710 1744 1747; x_wconf 80' lang='lat' dir='ltr'><strong>gono.</strong></span> 
     </span>
     <span class='ocr_line' id='line_1_16' title="bbox 448 1786 2161 1851; baseline 0.005 -18"><span class='ocrx_word' id='word_1_127' title='bbox 448 1787 520 1833; x_wconf 93' lang='lat'>16.</span> <span class='ocrx_word' id='word_1_128' title='bbox 556 1786 839 1834; x_wconf 82' lang='lat' dir='ltr'>Conventus</span> <span class='ocrx_word' id='word_1_129' title='bbox 877 1787 937 1835; x_wconf 89' lang='lat' dir='ltr'>de</span> <span class='ocrx_word' id='word_1_130' title='bbox 971 1786 1207 1836; x_wconf 87' lang='lat' dir='ltr'>Neubotil</span> <span class='ocrx_word' id='word_1_131' title='bbox 1250 1789 1491 1851; x_wconf 80' lang='lat' dir='ltr'><strong>obligatur</strong></span> <span class='ocrx_word' id='word_1_132' title='bbox 1530 1790 1588 1838; x_wconf 86' lang='lat' dir='ltr'>ad</span> <span class='ocrx_word' id='word_1_133' title='bbox 1614 1791 1893 1840; x_wconf 84' lang='lat' dir='ltr'><strong>solvendum</strong></span> <span class='ocrx_word' id='word_1_134' title='bbox 1920 1795 2161 1842; x_wconf 85' lang='lat' dir='ltr'><strong>dimidiam</strong></span> 
     </span>
     <span class='ocr_line' id='line_1_17' title="bbox 375 1879 2162 1940; baseline 0.003 -15"><span class='ocrx_word' id='word_1_135' title='bbox 375 1893 584 1926; x_wconf 84' lang='lat' dir='ltr'>marcam</span> <span class='ocrx_word' id='word_1_136' title='bbox 625 1879 875 1926; x_wconf 87' lang='lat' dir='ltr'>annuatim</span> <span class='ocrx_word' id='word_1_137' title='bbox 916 1893 1001 1940; x_wconf 85' lang='lat' dir='ltr'>pro</span> <span class='ocrx_word' id='word_1_138' title='bbox 1045 1879 1169 1926; x_wconf 87' lang='lat' dir='ltr'>tofto</span> <span class='ocrx_word' id='word_1_139' title='bbox 1209 1880 1259 1928; x_wconf 91' lang='lat' dir='ltr'>in</span> <span class='ocrx_word' id='word_1_140' title='bbox 1304 1879 1429 1928; x_wconf 90' lang='lat' dir='ltr'>Leth</span> <span class='ocrx_word' id='word_1_141' title='bbox 1471 1896 1580 1928; x_wconf 88' lang='lat' dir='ltr'>eum</span> <span class='ocrx_word' id='word_1_142' title='bbox 1623 1882 1773 1930; x_wconf 83' lang='lat' dir='ltr'><strong>tribus</strong></span> <span class='ocrx_word' id='word_1_143' title='bbox 1805 1885 1923 1931; x_wconf 81' lang='lat' dir='ltr'>aeris</span> <span class='ocrx_word' id='word_1_144' title='bbox 1956 1890 2080 1931; x_wconf 82' lang='lat' dir='ltr'>terre</span> <span class='ocrx_word' id='word_1_145' title='bbox 2115 1886 2162 1931; x_wconf 88' lang='lat' dir='ltr'>in</span> 
     </span>
    </p>
   </div>
   <div class='ocr_carea' id='block_1_7' title="bbox 376 1967 1047 2110">
    <p class='ocr_par' dir='ltr' id='par_1_7' title="bbox 376 1967 1047 2110">
     <span class='ocr_line' id='line_1_18' title="bbox 376 1967 656 2016; baseline -0.004 0"><span class='ocrx_word' id='word_1_146' title='bbox 376 1967 656 2016; x_wconf 84' lang='lat' dir='ltr'>Greneside.</span> 
     </span>
     <span class='ocr_line' id='line_1_19' title="bbox 537 2057 1047 2110; baseline 0.002 -13"><span class='ocrx_word' id='word_1_147' title='bbox 537 2057 713 2110; x_wconf 85' lang='lat' dir='ltr'><strong>Original</strong></span> <span class='ocrx_word' id='word_1_148' title='bbox 732 2062 773 2098; x_wconf 89' lang='lat' dir='ltr'>at</span> <span class='ocrx_word' id='word_1_149' title='bbox 791 2058 1047 2098; x_wconf 84' lang='lat' dir='ltr'>Marohmont.</span> 
     </span>
    </p>
   </div>
   <div class='ocr_carea' id='block_1_8' title="bbox 446 2154 2163 2220">
    <p class='ocr_par' dir='ltr' id='par_1_8' title="bbox 446 2154 2163 2220">
     <span class='ocr_line' id='line_1_20' title="bbox 446 2154 2163 2220; baseline 0.003 -18"><span class='ocrx_word' id='word_1_150' title='bbox 446 2159 519 2207; x_wconf 88' lang='lat'>17.</span> <span class='ocrx_word' id='word_1_151' title='bbox 556 2154 852 2217; x_wconf 78' lang='lat' dir='ltr'><strong>Compositio</strong></span> <span class='ocrx_word' id='word_1_152' title='bbox 877 2171 986 2203; x_wconf 88' lang='lat' dir='ltr'>eum</span> <span class='ocrx_word' id='word_1_153' title='bbox 1013 2162 1255 2203; x_wconf 86' lang='lat' dir='ltr'>conventu</span> <span class='ocrx_word' id='word_1_154' title='bbox 1281 2156 1341 2203; x_wconf 88' lang='lat' dir='ltr'>de</span> <span class='ocrx_word' id='word_1_155' title='bbox 1378 2156 1427 2204; x_wconf 83' lang='lat' dir='ltr'>S.</span> <span class='ocrx_word' id='word_1_156' title='bbox 1453 2156 1667 2205; x_wconf 83' lang='lat' dir='ltr'>Servano</span> <span class='ocrx_word' id='word_1_157' title='bbox 1691 2174 1832 2220; x_wconf 85' lang='lat' dir='ltr'>super</span> <span class='ocrx_word' id='word_1_158' title='bbox 1867 2160 2062 2207; x_wconf 83' lang='lat' dir='ltr'><strong>decimis</strong></span> <span class='ocrx_word' id='word_1_159' title='bbox 2104 2162 2163 2207; x_wconf 89' lang='lat' dir='ltr'>do</span> 
     </span>
    </p>
   </div>
   <div class='ocr_carea' id='block_1_9' title="bbox 376 2247 2162 2400">
    <p class='ocr_par' dir='ltr' id='par_1_9' title="bbox 376 2247 2162 2400">
     <span class='ocr_line' id='line_1_21' title="bbox 376 2247 2162 2309; baseline 0.002 -15"><span class='ocrx_word' id='word_1_160' title='bbox 376 2248 523 2294; x_wconf 85' lang='lat' dir='ltr'><strong>firmis</strong></span> <span class='ocrx_word' id='word_1_161' title='bbox 563 2253 614 2295; x_wconf 86' lang='lat' dir='ltr'>et</span> <span class='ocrx_word' id='word_1_162' title='bbox 652 2247 795 2294; x_wconf 82' lang='lat' dir='ltr'><strong>lucris</strong></span> <span class='ocrx_word' id='word_1_163' title='bbox 832 2253 883 2294; x_wconf 85' lang='lat' dir='ltr'>et</span> <span class='ocrx_word' id='word_1_164' title='bbox 915 2262 1057 2309; x_wconf 88' lang='lat' dir='ltr'>super</span> <span class='ocrx_word' id='word_1_165' title='bbox 1088 2247 1286 2295; x_wconf 76' lang='lat' dir='ltr'><strong>decimis</strong></span> <span class='ocrx_word' id='word_1_166' title='bbox 1320 2247 1673 2309; x_wconf 82' lang='lat' dir='ltr'>pertinentibus</span> <span class='ocrx_word' id='word_1_167' title='bbox 1697 2249 1755 2295; x_wconf 84' lang='lat' dir='ltr'>ad</span> <span class='ocrx_word' id='word_1_168' title='bbox 1781 2249 1976 2296; x_wconf 90' lang='lat' dir='ltr'><strong>domum</strong></span> <span class='ocrx_word' id='word_1_169' title='bbox 2002 2251 2162 2297; x_wconf 87' lang='lat' dir='ltr'><strong>Comi-</strong></span> 
     </span>
     <span class='ocr_line' id='line_1_22' title="bbox 377 2336 1023 2400; baseline 0.002 -16"><span class='ocrx_word' id='word_1_170' title='bbox 377 2344 482 2385; x_wconf 90' lang='lat' dir='ltr'>tum</span> <span class='ocrx_word' id='word_1_171' title='bbox 513 2338 572 2385; x_wconf 90' lang='lat' dir='ltr'>de</span> <span class='ocrx_word' id='word_1_172' title='bbox 595 2337 685 2385; x_wconf 89' lang='lat' dir='ltr'><strong>Fif.</strong></span> <span class='ocrx_word' id='word_1_173' title='bbox 759 2336 824 2400; x_wconf 84' lang='lat' dir='ltr'>[e.</span> <span class='ocrx_word' id='word_1_174' title='bbox 855 2336 1023 2400; x_wconf 66' lang='grc'><strong>1990]</strong></span> 
     </span>
    </p>
   </div>
   <div class='ocr_carea' id='block_1_10' title="bbox 482 2418 2162 2612">
    <p class='ocr_par' dir='ltr' id='par_1_10' title="bbox 482 2418 2162 2612">
     <span class='ocr_line' id='line_1_23' title="bbox 536 2418 2161 2473; baseline 0.002 -15"><span class='ocrx_word' id='word_1_175' title='bbox 536 2418 711 2471; x_wconf 76' lang='lat' dir='ltr'><strong>Original</strong></span> <span class='ocrx_word' id='word_1_176' title='bbox 740 2423 781 2458; x_wconf 79' lang='lat' dir='ltr'>at</span> <span class='ocrx_word' id='word_1_177' title='bbox 810 2418 1011 2459; x_wconf 84' lang='lat' dir='ltr'><strong>Panmuro.</strong></span> <span class='ocrx_word' id='word_1_178' title='bbox 1070 2419 1109 2458; x_wconf 90' lang='lat' dir='ltr'>It</span> <span class='ocrx_word' id='word_1_179' title='bbox 1138 2420 1168 2458; x_wconf 83' lang='lat' dir='ltr'>is</span> <span class='ocrx_word' id='word_1_180' title='bbox 1186 2433 1209 2458; x_wconf 81' lang='lat' dir='ltr'>a</span> <span class='ocrx_word' id='word_1_181' title='bbox 1228 2419 1344 2473; x_wconf 80' lang='lat' dir='ltr'>flnely</span> <span class='ocrx_word' id='word_1_182' title='bbox 1365 2420 1514 2459; x_wconf 82' lang='lat' dir='ltr'>written</span> <span class='ocrx_word' id='word_1_183' title='bbox 1545 2420 1754 2470; x_wconf 80' lang='lat' dir='ltr'>indentur-o,</span> <span class='ocrx_word' id='word_1_184' title='bbox 1776 2422 1867 2461; x_wconf 78' lang='lat' dir='ltr'>with</span> <span class='ocrx_word' id='word_1_185' title='bbox 1889 2422 1950 2462; x_wconf 85' lang='lat' dir='ltr'>tho</span> <span class='ocrx_word' id='word_1_186' title='bbox 1969 2423 2065 2462; x_wconf 73' lang='lat' dir='ltr'>seals</span> <span class='ocrx_word' id='word_1_187' title='bbox 2084 2424 2161 2462; x_wconf 81' lang='lat' dir='ltr'><strong>still</strong></span> 
     </span>
     <span class='ocr_line' id='line_1_24' title="bbox 482 2488 2162 2542; baseline 0.002 -14"><span class='ocrx_word' id='word_1_188' title='bbox 482 2488 617 2542; x_wconf 80' lang='lat' dir='ltr'>nearly</span> <span class='ocrx_word' id='word_1_189' title='bbox 635 2489 756 2529; x_wconf 78' lang='lat' dir='ltr'>entire</span> <span class='ocrx_word' id='word_1_190' title='bbox 788 2489 830 2528; x_wconf 79' lang='lat' dir='ltr'>of</span> <span class='ocrx_word' id='word_1_191' title='bbox 858 2489 922 2529; x_wconf 86' lang='lat' dir='ltr'>the</span> <span class='ocrx_word' id='word_1_192' title='bbox 950 2490 1094 2542; x_wconf 87' lang='lat' dir='ltr'><strong>Bishop</strong></span> <span class='ocrx_word' id='word_1_193' title='bbox 1114 2490 1156 2529; x_wconf 82' lang='lat' dir='ltr'>of</span> <span class='ocrx_word' id='word_1_194' title='bbox 1180 2491 1218 2529; x_wconf 80' lang='lat' dir='ltr'>S.</span> <span class='ocrx_word' id='word_1_195' title='bbox 1239 2489 1441 2537; x_wconf 84' lang='lat' dir='ltr'><strong>Androws,</strong></span> <span class='ocrx_word' id='word_1_196' title='bbox 1470 2490 1545 2530; x_wconf 80' lang='lat' dir='ltr'>and</span> <span class='ocrx_word' id='word_1_197' title='bbox 1574 2490 1638 2530; x_wconf 85' lang='lat' dir='ltr'>the</span> <span class='ocrx_word' id='word_1_198' title='bbox 1658 2490 1787 2530; x_wconf 81' lang='lat' dir='ltr'><strong>Abbot</strong></span> <span class='ocrx_word' id='word_1_199' title='bbox 1805 2492 1848 2530; x_wconf 84' lang='lat' dir='ltr'>of</span> <span class='ocrx_word' id='word_1_200' title='bbox 1871 2494 1908 2532; x_wconf 76' lang='lat' dir='ltr'>S.</span> <span class='ocrx_word' id='word_1_201' title='bbox 1935 2493 2027 2532; x_wconf 75' lang='lat' dir='ltr'><strong>Sors.</strong></span> <span class='ocrx_word' id='word_1_202' title='bbox 2083 2493 2162 2532; x_wconf 76' lang='lat' dir='ltr'>The</span> 
     </span>
     <span class='ocr_line' id='line_1_25' title="bbox 482 2558 1970 2612; baseline 0.001 -13"><span class='ocrx_word' id='word_1_203' title='bbox 482 2558 596 2599; x_wconf 75' lang='lat' dir='ltr'>latter</span> <span class='ocrx_word' id='word_1_204' title='bbox 614 2572 662 2599; x_wconf 82' lang='lat' dir='ltr'>an</span> <span class='ocrx_word' id='word_1_205' title='bbox 683 2559 769 2599; x_wconf 80' lang='lat' dir='ltr'>oval</span> <span class='ocrx_word' id='word_1_206' title='bbox 788 2559 866 2599; x_wconf 84' lang='lat' dir='ltr'>seal</span> <span class='ocrx_word' id='word_1_207' title='bbox 882 2574 893 2607; x_wconf 68' lang='grc' dir='ltr'><strong><em>ς</em></strong></span> <span class='ocrx_word' id='word_1_208' title='bbox 922 2574 946 2599; x_wconf 89' lang='lat' dir='ltr'>a</span> <span class='ocrx_word' id='word_1_209' title='bbox 964 2559 1107 2611; x_wconf 82' lang='lat' dir='ltr'><strong>Bishop</strong></span> <span class='ocrx_word' id='word_1_210' title='bbox 1128 2559 1284 2612; x_wconf 82' lang='lat' dir='ltr'><strong>holding</strong></span> <span class='ocrx_word' id='word_1_211' title='bbox 1301 2574 1324 2599; x_wconf 88' lang='lat' dir='ltr'>a</span> <span class='ocrx_word' id='word_1_212' title='bbox 1343 2560 1492 2607; x_wconf 83' lang='lat' dir='ltr'>erosier,</span> <span class='ocrx_word' id='word_1_213' title='bbox 1512 2574 1559 2598; x_wconf 78' lang='grc' dir='ltr'>οη</span> <span class='ocrx_word' id='word_1_214' title='bbox 1581 2560 1637 2599; x_wconf 86' lang='lat' dir='ltr'>his</span> <span class='ocrx_word' id='word_1_215' title='bbox 1657 2560 1724 2600; x_wconf 80' lang='lat' dir='ltr'>left</span> <span class='ocrx_word' id='word_1_216' title='bbox 1743 2561 1821 2600; x_wconf 82' lang='lat' dir='ltr'><strong>sido</strong></span> <span class='ocrx_word' id='word_1_217' title='bbox 1839 2576 1861 2601; x_wconf 81' lang='lat' dir='ltr'>a</span> <span class='ocrx_word' id='word_1_218' title='bbox 1881 2567 1970 2601; x_wconf 74' lang='lat' dir='ltr'>stur.</span> 
     </span>
    </p>
   </div>
   <div class='ocr_carea' id='block_1_11' title="bbox 446 2636 2159 2769">
    <p class='ocr_par' dir='ltr' id='par_1_11' title="bbox 446 2636 2159 2769">
     <span class='ocr_line' id='line_1_26' title="bbox 800 2636 1745 2672; baseline 0.001 -3"><span class='ocrx_word' id='word_1_219' title='bbox 800 2636 1046 2672; x_wconf 75' lang='lat' dir='ltr'><strong>slGlLcho</strong></span> <span class='ocrx_word' id='word_1_220' title='bbox 1071 2636 1278 2670; x_wconf 73' lang='lat' dir='ltr'><strong>AnBA&#39;ms</strong></span> <span class='ocrx_word' id='word_1_221' title='bbox 1303 2636 1369 2670; x_wconf 76' lang='lat' dir='ltr'>nn</span> <span class='ocrx_word' id='word_1_222' title='bbox 1393 2636 1478 2671; x_wconf 88' lang='lat' dir='ltr'>sco</span> <span class='ocrx_word' id='word_1_223' title='bbox 1503 2637 1745 2671; x_wconf 65' lang='lat' dir='ltr'><strong>ssnvmo.</strong></span> 
     </span>
     <span class='ocr_line' id='line_1_27' title="bbox 446 2703 2159 2769; baseline 0.002 -18"><span class='ocrx_word' id='word_1_224' title='bbox 446 2707 519 2752; x_wconf 89' lang='lat'>18.</span> <span class='ocrx_word' id='word_1_225' title='bbox 557 2703 838 2753; x_wconf 85' lang='lat' dir='ltr'>Alexander</span> <span class='ocrx_word' id='word_1_226' title='bbox 876 2705 1007 2768; x_wconf 82' lang='lat' dir='ltr'>Papa</span> <span class='ocrx_word' id='word_1_227' title='bbox 1039 2704 1131 2754; x_wconf 93' lang='lat' dir='ltr'>IV.</span> <span class='ocrx_word' id='word_1_228' title='bbox 1157 2706 1406 2753; x_wconf 79' lang='lat' dir='ltr'>confirmat</span> <span class='ocrx_word' id='word_1_229' title='bbox 1440 2705 1723 2753; x_wconf 79' lang='lat' dir='ltr'><strong>monialibus</strong></span> <span class='ocrx_word' id='word_1_230' title='bbox 1749 2706 1993 2769; x_wconf 77' lang='lat' dir='ltr'>privilegia</span> <span class='ocrx_word' id='word_1_231' title='bbox 2017 2716 2066 2754; x_wconf 86' lang='lat' dir='ltr'>et</span> <span class='ocrx_word' id='word_1_232' title='bbox 2091 2709 2159 2754; x_wconf 82' lang='lat' dir='ltr'>in·</span> 
     </span>
    </p>
   </div>
   <div class='ocr_carea' id='block_1_12' title="bbox 375 2794 2162 2951">
    <p class='ocr_par' dir='ltr' id='par_1_12' title="bbox 375 2794 2162 2951">
     <span class='ocr_line' id='line_1_28' title="bbox 376 2794 2162 2860; baseline 0.002 -18"><span class='ocrx_word' id='word_1_233' title='bbox 376 2794 653 2859; x_wconf 82' lang='lat' dir='ltr'>dulgeneias</span> <span class='ocrx_word' id='word_1_234' title='bbox 677 2795 1007 2844; x_wconf 78' lang='lat' dir='ltr'>cisterciensis</span> <span class='ocrx_word' id='word_1_235' title='bbox 1031 2797 1208 2843; x_wconf 82' lang='lat' dir='ltr'><strong>ordinis</strong></span> <span class='ocrx_word' id='word_1_236' title='bbox 1231 2821 1242 2832; x_wconf 93' lang='lat'><strong>·</strong></span> <span class='ocrx_word' id='word_1_237' title='bbox 1267 2800 1296 2843; x_wconf 90' lang='lat'>8</span> <span class='ocrx_word' id='word_1_238' title='bbox 1323 2796 1550 2844; x_wconf 82' lang='lat' dir='ltr'>kalendas</span> <span class='ocrx_word' id='word_1_239' title='bbox 1584 2795 1751 2844; x_wconf 86' lang='lat' dir='ltr'>Martii</span> <span class='ocrx_word' id='word_1_240' title='bbox 1776 2823 1786 2835; x_wconf 91' lang='lat'><strong>·</strong></span> <span class='ocrx_word' id='word_1_241' title='bbox 1811 2813 1936 2845; x_wconf 90' lang='lat' dir='ltr'>anno</span> <span class='ocrx_word' id='word_1_242' title='bbox 1971 2799 2162 2860; x_wconf 82' lang='lat' dir='ltr'><strong>pontifi-</strong></span> 
     </span>
     <span class='ocr_line' id='line_1_29' title="bbox 375 2885 974 2951; baseline 0.002 -17"><span class='ocrx_word' id='word_1_243' title='bbox 375 2892 510 2934; x_wconf 88' lang='lat' dir='ltr'>catus</span> <span class='ocrx_word' id='word_1_244' title='bbox 535 2892 578 2935; x_wconf 84' lang='lat'>5.</span> <span class='ocrx_word' id='word_1_245' title='bbox 651 2887 777 2951; x_wconf 49' lang='lat' dir='ltr'>[mn.</span> <span class='ocrx_word' id='word_1_246' title='bbox 807 2885 974 2949; x_wconf 69' lang='grc'><strong>1258]</strong></span> 
     </span>
    </p>
   </div>
   <div class='ocr_carea' id='block_1_13' title="bbox 536 2989 1866 3044">
    <p class='ocr_par' dir='ltr' id='par_1_13' title="bbox 536 2989 1866 3044">
     <span class='ocr_line' id='line_1_30' title="bbox 536 2989 1866 3044; baseline 0.002 -14"><span class='ocrx_word' id='word_1_247' title='bbox 536 2989 711 3044; x_wconf 76' lang='lat' dir='ltr'>Original</span> <span class='ocrx_word' id='word_1_248' title='bbox 730 2991 769 3031; x_wconf 87' lang='lat' dir='ltr'>in</span> <span class='ocrx_word' id='word_1_249' title='bbox 790 2991 854 3032; x_wconf 87' lang='lat' dir='ltr'>the</span> <span class='ocrx_word' id='word_1_250' title='bbox 874 2991 1040 3032; x_wconf 85' lang='lat' dir='ltr'>General</span> <span class='ocrx_word' id='word_1_251' title='bbox 1061 2992 1237 3044; x_wconf 74' lang='lat' dir='ltr'>Register</span> <span class='ocrx_word' id='word_1_252' title='bbox 1256 2992 1398 3033; x_wconf 81' lang='lat' dir='ltr'>Hense.</span> <span class='ocrx_word' id='word_1_253' title='bbox 1455 2992 1536 3033; x_wconf 84' lang='lat' dir='ltr'>The</span> <span class='ocrx_word' id='word_1_254' title='bbox 1555 2992 1662 3032; x_wconf 77' lang='lat' dir='ltr'><em>bulla</em></span> <span class='ocrx_word' id='word_1_255' title='bbox 1679 2993 1866 3035; x_wconf 64' lang='lat' dir='ltr'>attached.</span> 
     </span>
    </p>
   </div>
   <div class='ocr_carea' id='block_1_14' title="bbox 0 0 250 3892">
    <p class='ocr_par' dir='ltr' id='par_1_14' title="bbox 0 0 250 3892">
     <span class='ocr_line' id='line_1_31' title="bbox 0 0 250 3892; baseline 0 0"><span class='ocrx_word' id='word_1_256' title='bbox 0 0 250 3892; x_wconf 95' lang='lat' dir='ltr'> </span> 
     </span>
    </p>
   </div>
  </div>
 </body>
</html>
