2872 3892
567 594 740 641 CARTA
763 593 947 642 JACOBI
971 608 1178 645 comus
1202 611 1270 645 mr
1295 597 1538 648 DoueLAs
1562 628 1571 639 ·
1602 606 1878 653 1381-1388
1904 633 1914 644 ·

349 757 396 823 J
400 775 576 822 acobus
597 789 759 822 comes
782 776 843 822 de
866 774 1084 839 Douglas
1107 777 1330 827 dominus
1352 781 1548 830 baronie
1571 784 1633 831 de
1657 784 2016 850 Northberwyk
2043 816 2052 826 ·
2080 816 2090 825 ·
2117 817 2126 826 -

353 866 526 913 dilecto
564 863 724 913 nostro
764 866 928 914 Alano
968 867 1030 914 de
1071 866 1307 932 Lawedyr
1344 887 1430 932 pro
1471 871 1554 920 suo
1593 874 1719 921 bono
1757 875 1955 924 servicio
1994 880 2130 926 nobis

351 955 566 1019 impenso
588 973 755 1005 omnes
782 964 934 1006 terras
956 957 1243 1022 subscriptas
1267 977 1377 1009 cum
1411 961 1506 1010 suis
1536 964 1839 1012 libertatibus
1871 974 1922 1014 et
1951 971 2131 1029 pertin-

353 1049 501 1095 enciis
523 1049 745 1109 jacentes
777 1050 828 1095 in
858 1049 1012 1112 burgo
1035 1048 1196 1097 nostro
1221 1051 1281 1098 de
1305 1051 1665 1116 Northberwyk
1688 1070 1774 1102 nos
1797 1059 2131 1119 contingentes

352 1154 439 1200 pro
476 1138 668 1187 defectu
703 1140 937 1186 heredum
971 1142 1278 1202 antiquorum
1313 1145 1586 1190 tenentium
1625 1146 1883 1192 earundem
1921 1176 1930 1184 ·
1967 1173 1976 1182 ·
2014 1173 2024 1183 ·
2059 1150 2130 1194 in-

353 1229 573 1290 cipiendo
604 1229 665 1276 ad
698 1229 848 1277 altam
884 1231 1012 1277 viam
1037 1246 1130 1291 que
1162 1229 1210 1278 se
1245 1234 1467 1280 extendit
1492 1233 1652 1281 versus
1687 1234 1932 1284 ecclefiam
1968 1238 2130 1285 Sanffi

352 1318 551 1366 Andree
582 1335 644 1366 ex
672 1324 811 1381 parte
843 1320 1066 1367 orientali
1101 1326 1152 1367 et
1176 1319 1240 1367 fic
1270 1337 1355 1382 per
1385 1323 1535 1370 altam
1567 1325 1693 1372 viam
1726 1326 1863 1388 burgi
1899 1343 1960 1373 ex
1994 1334 2130 1389 parte

353 1407 546 1456 australi
570 1408 716 1470 vsque
738 1410 800 1456 ad
834 1415 1173 1457 tenementum
1199 1411 1440 1460 Willelmi
1471 1413 1638 1461 Broun
1663 1431 1725 1462 ex
1755 1423 1891 1476 parte
1914 1419 2131 1464 occiden-
2182 1423 2190 1431 ’

354 1499 441 1547 tali
468 1506 520 1547 et
552 1499 614 1547 fic
638 1517 700 1548 ex
722 1507 860 1562 parte
894 1506 1100 1562 utraque
1129 1501 1276 1563 usque
1300 1503 1360 1548 ad
1390 1518 1522 1550 mare
1546 1520 1607 1550 ex
1642 1512 1777 1566 parte
1812 1507 1978 1554 boriali
2009 1507 2132 1554 Ten-

355 1592 502 1638 endas
527 1618 536 1629 ·
564 1620 574 1629 -
600 1617 611 1628 ·
636 1592 756 1638 adeo
779 1591 931 1637 libere
957 1618 966 1628 ·
995 1618 1005 1628 ·
1030 1617 1041 1627 ·
1065 1588 1186 1639 ficut
1209 1592 1370 1653 aliqua
1393 1599 1520 1640 terra
1542 1596 1592 1640 in
1615 1596 1765 1658 burgo
1785 1597 1963 1642 domini
1986 1596 2131 1643 nostri

356 1681 502 1743 Regis
527 1683 603 1729 vel
636 1682 837 1744 alicujus
862 1684 1052 1729 comitis
1075 1683 1154 1730 vel
1185 1683 1375 1730 baronis
1404 1686 1584 1745 poterit
1608 1686 1708 1732 dari
1740 1711 1750 1721 ·
1787 1712 1796 1722 ·
1826 1712 1835 1721 ·
1868 1687 2131 1734 Reddendo

406 1800 415 1809 -
454 1798 464 1808 ·
499 1774 637 1820 nobis
670 1779 720 1820 et
754 1774 1011 1820 heredibus
1046 1771 1217 1821 nostris
1249 1780 1300 1821 et
1336 1773 1670 1822 succefl'oribus
1703 1778 1905 1823 dominis
1940 1778 2132 1824 baronie

356 1864 416 1910 de
451 1863 813 1926 Northberwyk
845 1879 1019 1911 novem
1053 1865 1271 1913 denarios
1305 1883 1391 1928 pro
1426 1868 1563 1929 burgi
1599 1868 1736 1915 firma
1768 1894 1778 1904 ·
1815 1875 1864 1914 et
1887 1869 2132 1929 capellano

356 1955 499 2001 beate
536 1954 694 2001 Marie
729 1956 926 2017 virginis
961 1956 1123 2002 divina
1157 1956 1420 2004 celebranti
1461 1960 1511 2004 in
1547 1957 1744 2006 ecclefia
1782 1960 2038 2021 parochiali
2074 1961 2132 2006 de

358 2045 718 2107 Northberwyk
763 2044 845 2092 sex
889 2044 1062 2092 solidos
1114 2053 1165 2093 et
1216 2049 1320 2094 0820
1367 2049 1586 2096 denarios
1637 2047 1970 2112 sterlingorum
2016 2065 2133 2110 quos

357 2137 568 2197 recipere
607 2134 790 2182 solebat
825 2136 1035 2196 antiquis
1071 2138 1368 2198 temporibus
1409 2139 1469 2185 de
1505 2140 1640 2185 dictis
1675 2141 1813 2186 terris
1849 2167 1859 2175 ·
1898 2167 1907 2175 ·
1943 2167 1952 2176 ·
1985 2138 2132 2201 Apud

358 2224 563 2273 castrum
592 2224 805 2272 nostrum
830 2227 890 2272 de
914 2225 1235 2288 Temptaloun
1272 2254 1283 2264 ·
1320 2226 1431 2273 Hiis
1466 2226 1668 2274 testibus
1692 2228 1895 2274 dominis
1920 2228 2132 2274 Roberto

357 2318 541 2365 Thoma
565 2325 615 2364 et
641 2317 894 2364 Willelmo
918 2319 978 2364 de
1002 2317 1202 2365 Colvele
1227 2345 1237 2354 ·
1264 2318 1486 2365 Gilberto
1511 2319 1571 2364 de
1596 2319 1773 2365 Grame
1802 2344 1812 2354 ·
1844 2319 2049 2365 Ricardo
2073 2320 2132 2365 de

358 2409 642 2471 Bekyrtoun
675 2410 911 2456 militibus
944 2436 954 2445 ·
979 2409 1203 2456 Johanne
1234 2409 1415 2455 refflmre
1440 2410 1498 2455 de
1523 2409 1738 2479 Douglas
1771 2436 1780 2446 ·
1808 2408 2010 2455 Warino
2039 2435 2048 2444 ·
2081 2438 2090 2446 -
2124 2435 2133 2442 -

359 2508 475 2547 tunc
500 2501 678 2547 ballivo
702 2501 841 2562 burgi
864 2498 1013 2546 nostri
1038 2501 1098 2546 de
1123 2499 1480 2561 Northberwyk
1506 2505 1555 2545 et
1579 2498 1744 2544 multis
1768 2498 1871 2544 aliis
1897 2526 1906 2535 ·

520 2642 559 2678 A
579 2640 666 2680 Seal
684 2640 975 2691 appended‚—-a
1000 2639 1124 2678 shield
1151 2638 1194 2676 of
1217 2651 1318 2676 arms
1344 2638 1484 2676 conche
1511 2637 1681 2676 between
1709 2640 1786 2675 two
1805 2642 1914 2683 trees,
1934 2651 1957 2675 a
1975 2643 2054 2676 tree
2074 2637 2131 2688 (2)

466 2710 524 2748 for
541 2715 651 2748 crest.
708 2710 789 2748 The
809 2723 909 2748 arms
928 2708 1192 2760 quarterly,—

522 2784 537 2816 1
562 2779 639 2817 and
658 2782 695 2818 4.
726 2780 914 2830 Βοαρίας,
934 2793 958 2818 a
976 2779 1187 2818 beart—on
1206 2790 1230 2815 a
1247 2777 1350 2815 chief
1367 2775 1473 2814 three
1491 2775 1653 2814 mullets.

522 2854 543 2887 2
565 2850 638 2887 and
660 2854 698 2889 3.
725 2850 834 2896 Mar,
853 2864 877 2888 a
894 2849 994 2888 bend
1011 2848 1183 2887 between
1201 2849 1224 2884 6
1242 2858 1342 2884 cross
1360 2844 1532 2884 crosslets
1550 2845 1674 2883 fiches.

520 2919 600 2957 The
618 2919 754 2970 legend
774 2920 825 2958 all
843 2932 940 2970 gone
959 2918 1028 2956 but

1002 3015 1012 3026 .
1040 2997 1234 3025 swanum
1262 2995 1384 3022 IACOB
1411 3013 1420 3022 .
1451 3012 1459 3020 .
