2872 3892
696 394 847 440 xxxiv
1445 386 1744 436 TABULA.

860 517 2487 570 2.ThooenloffSirJamesD0ughaofDalkeithhunhieldofmoouohe—

805 605 853 630 on
868 604 893 630 a
909 590 1014 630 chief
1027 595 1105 629 two
1122 589 1300 628 maneta:
1329 593 1440 636 orest,
1458 601 1483 627 a
1499 587 1592 627 bour
1608 587 1754 627 innuant
1770 587 1869 627 from
1885 602 1913 628 a
1928 589 2099 632 thioket:
2126 595 2357 644 supportem,
2375 591 2486 631 lions,

765 717 843 764 27.
879 710 1035 758 Elena
1069 710 1131 757 de
1163 708 1327 756 Carrio
1365 709 1588 770 priorissa
1620 701 1681 754 de
1716 707 2077 772 Northberwyk
2107 711 2291 759 fatetur
2320 727 2373 759 se
2410 726 2486 759 re-

698 803 880 864 cepisse
902 817 932 849 a
953 802 1145 848 domino
1164 799 1325 846 Alano
1348 799 1410 845 de
1427 797 1667 846 Cathkert
1690 798 1752 845 de
1775 799 1948 846 eodem
1968 799 2128 848 milite
2149 800 2310 849 firmas
2332 801 2487 849 eccle-

699 893 768 938 sie
805 891 865 938 de
903 889 1150 952 Mayboile
1189 889 1347 936 eidem
1379 888 1612 935 assedate.
1680 887 1831 950 Apud
1862 887 2163 954 Edinburgh,
2187 893 2218 940 6
2236 888 2482 948 Octobris.

702 984 842 1030 1386.
1532 1001 1534 1003 ¹
1695 989 1697 991 ’

858 1070 1033 1122 Original
1052 1070 1092 1108 in
1111 1069 1176 1108 the
1196 1068 1363 1107 General
1382 1067 1560 1118 Register
1573 1066 1720 1106 House.
1776 1069 1818 1107 A
1842 1082 1946 1110 mere
1972 1070 2164 1123 fragment
2187 1072 2231 1111 of
2243 1073 2310 1112 the
2326 1074 2405 1113 sed
2423 1087 2482 1113 re-
2570 1104 2578 1114 ,

804 1154 936 1179 malus.

762 1244 840 1285 98.
879 1238 1111 1284 Notarius
1143 1236 1290 1282 fidem
1318 1236 1433 1282 facit
1456 1234 1517 1280 de
1541 1235 1842 1296 inspectione
1864 1242 1997 1284 carte
2020 1236 2246 1286 Duncani
2267 1239 2355 1286 filii
2378 1239 2484 1288 Gil-

693 1331 818 1377 berti
842 1330 902 1375 de
919 1328 1102 1388 Carryk
1126 1342 1270 1387 super
1291 1325 1494 1372 ecclesia
1517 1325 1618 1371 sive
1641 1325 1827 1386 capella
1849 1326 1910 1373 de
1942 1325 2182 1388 Kylbride
2202 1329 2253 1374 in
2277 1327 2480 1393 Karryg.

694 1421 841 1482 Apud
865 1419 918 1466 S.
936 1418 1185 1465 Andream
1208 1417 1297 1463 ult.
1321 1416 1354 1462 J
1357 1417 1471 1470 unii,
1500 1419 1640 1462 1418.

853 1510 1028 1561 Original
1045 1514 1088 1548 at
1106 1509 1310 1548 Panmure.

760 1604 834 1648 29.
871 1598 1389 1659 Appunctuamentum
1426 1610 1534 1642 cum
1572 1594 1769 1642 Vioario
1804 1595 1864 1642 de
1898 1594 2232 1657 Kilconquhar
2268 1599 2329 1645 de
2367 1615 2483 1661 pen-

693 1691 825 1736 sione
850 1687 1076 1735 solvenda
1099 1686 1400 1740 monialibus,
1426 1686 1486 1732 de
1505 1687 1692 1734 vicaria.
1762 1685 1987 1734 Octobris
2013 1691 2057 1742 4,
2085 1690 2225 1736 1463.

850 1777 1025 1828 Original
1043 1782 1084 1816 at
1105 1776 1308 1815 Panmure.

758 1880 834 1922 30.
871 1875 1039 1921 Sixtus
1065 1873 1156 1920 IV.
1192 1872 1324 1934 Papa
1347 1874 1545 1920 mandat
1569 1874 1791 1934 episcopo
1815 1872 2151 1920 Aberdonensi
2176 1881 2231 1921 ut
2255 1877 2481 1937 procedat

689 1967 747 2012 ad
789 1966 1127 2012 executionem
1168 1964 1417 2010 literarum
1453 1979 1540 2024 pro
1579 1964 1867 2010 admissione
1908 1962 2130 2011 Elizabet
2173 1965 2379 2013 Forman
2419 1968 2478 2013 ad

687 2059 1029 2118 priorissatum‚
1054 2070 1196 2116 quem
1235 2055 1512 2115 possederat
1542 2055 1672 2100 citra
1704 2059 1763 2101 10
1798 2069 1987 2102 menses
2014 2054 2167 2102 literis
2199 2072 2296 2103 non
2335 2073 2480 2118 expe-

689 2150 814 2194 ditis.
876 2147 1038 2193 Pridie
1062 2146 1254 2193 kalend.
1281 2146 1405 2192 Maii
1431 2149 1574 2196 1474.

849 2236 1023 2287 Original
1042 2236 1082 2274 in
1102 2235 1167 2274 the
1181 2235 1349 2274 General
1369 2235 1546 2285 Regia-ster
1565 2234 1709 2273 House.

758 2370 834 2411 31.
869 2363 1127 2410 Elizabeth
1144 2363 1375 2410 Priorissa
1392 2364 1451 2410 ad
1470 2362 1785 2410 feodifirmam
1806 2364 2009 2410 dimittit
2032 2363 2064 2410 J
2067 2364 2243 2411 ohanni
2269 2365 2478 2429 Ramsay

687 2463 1020 2503 tenementum
1054 2457 1106 2502 in
1135 2455 1182 2501 le
1206 2454 1465 2516 Westgate
1489 2454 1550 2500 de
1575 2453 1948 2515 Northberwyk‚
1973 2453 2034 2500 ab
2058 2454 2227 2501 eodem
2267 2457 2478 2519 resigna-

688 2558 806 2594 tum.
878 2546 1160 2593 Decembris
1188 2549 1261 2599 10,
1290 2548 1432 2596 1477.

847 2636 1022 2686 Original
1039 2636 1080 2673 in
1099 2634 1164 2673 the
1178 2634 1345 2673 General
1367 2634 1545 2684 Register
1563 2633 1706 2672 House.

758 2770 832 2810 32.
869 2763 1148 2810 Alexander
1171 2762 1264 2810 VI.
1290 2762 1422 2823 Papa
1459 2763 1541 2809 dat
1581 2763 1630 2808 in
1672 2763 1910 2810 mandatis
1949 2763 2009 2810 ad
2042 2765 2384 2824 inquirendum
2412 2782 2474 2813 an

690 2857 930 2902 Robertus
962 2854 1141 2900 Laudir
1175 2854 1397 2899 dominus
1432 2853 1589 2899 insule
1623 2854 1684 2899 de
1715 2852 1812 2900 Bas
1845 2855 2032 2901 nitatur
2054 2855 2237 2917 erigere
2258 2857 2473 2916 parochi-

689 2948 814 2995 alem
854 2946 1102 2993 ecclesiam
1142 2945 1266 2992 infra
1304 2945 1484 2992 limites
1525 2943 1807 3006 parochialis
1847 2944 2049 2991 ecclesie
2086 2943 2136 2990 S.
2172 2943 2372 2992 Andree
2411 2948 2472 2994 de

691 3038 1041 3091 Northberwic,
1065 3037 1353 3083 monasterio
1378 3037 1438 3083 de
1462 3035 1810 3096 Northberuyk
1833 3036 2060 3082 canonice
2083 3035 2233 3092 unite,
2256 3043 2307 3083 et
2330 3052 2473 3100 super
