3016 3984
895 417 955 464 62
1431 411 1656 460 CARTE
1691 410 2119 460 MONIALIUM
2366 410 2669 474 [Arrnnmx.

893 544 1130 593 actualem
1152 540 1479 606 poss'effionem
1502 541 1792 605 prioriffatus
1817 544 1877 591 de
1901 540 2248 590 Northberwik
2272 567 2284 581 ·
2308 541 2494 589 Datum
2517 540 2674 589 Rome

899 639 956 682 31
985 634 1106 696 Julij
1135 637 1297 681 1544·

904 906 1051 952 Carta
1071 908 1340 965 margarete
1363 899 1574 964 priorifl'e
1598 900 1736 963 super
1757 902 1875 963 xxiij
1901 902 2041 948 terris
2062 898 2338 948 husbandiis
2369 907 2421 948 et
2444 902 2642 950 dimidia
2665 929 2676 940 ·

815 1087 889 1129 18.
910 1085 1186 1147 Margareta
1220 1079 1431 1144 priorifl'a
1464 1083 1524 1129 de
1561 1081 1907 1129 Northberwik
1942 1087 1992 1128 et
2028 1087 2294 1129 conventus
2328 1082 2538 1144 ejusdem
2574 1111 2584 1122 ·
2621 1109 2632 1121 ·
2667 1111 2678 1122 ·

911 1175 1157 1221 Noveritis
1196 1188 1283 1219 nos
1322 1188 1407 1234 pro
1447 1171 1631 1218 summa
1667 1173 1867 1219 duarum
1909 1171 2115 1217 millium
2152 1171 2380 1218 librarum
2420 1173 2557 1220 nobis
2595 1189 2682 1236 per
2997 1187 3016 1231 εξ

909 1265 1135 1311 dilectum
1158 1261 1372 1310 nostrum
1396 1262 1731 1309 Alexandrum
1765 1262 1930 1308 Hume
1964 1262 2159 1308 fratrem
2182 1277 2463 1324 germanum
2486 1263 2682 1312 Patricii
2992 1267 3016 1327 ’ῗξ

909 1355 1070 1401 Home
1102 1355 1161 1401 de
1197 1354 1408 1400 Polwart
1452 1354 1513 1400 ad
1553 1353 1899 1414 reparationem
1936 1356 1987 1397 et
2022 1351 2375 1398 edificationem
2408 1350 2554 1400 nostri
2587 1354 2682 1401 loci

907 1461 1094 1493 necnon
1117 1445 1177 1491 ad
1200 1442 1486 1490 solutionem
1509 1443 1812 1490 taxationum
1836 1457 1922 1503 per
1943 1456 2030 1487 nos
2065 1441 2335 1488 debitarum
2365 1442 2578 1504 impensa
2600 1470 2611 1481 ·
2630 1419 2646 1480 '-
2671 1469 2682 1481 ·

908 1539 966 1584 ad
1008 1536 1327 1583 feudifirmam
1373 1532 1455 1580 seu
1497 1531 1829 1595 emphiteosim
1874 1532 2160 1579 hereditarie
2206 1533 2452 1579 dimittere
2496 1534 2682 1595 prefato
3007 1594 3011 1603 ‚

908 1627 1187 1674 Alexandro
1224 1652 1234 1662 -
1271 1651 1282 1662 ·
1319 1651 1330 1661 ·
1355 1630 1505 1671 terras
1529 1621 1711 1670 nostras
1734 1621 2045 1669 dominicales
2080 1622 2139 1667 de
2164 1620 2340 1683 Heuch
2364 1624 2682 1671 extendentes
2991 1623 3014 1674 ,ὲ

909 1718 967 1764 ad
993 1717 1163 1778 viginti
1187 1721 1285 1762 tres
1309 1720 1459 1761 terras
1482 1712 1767 1760 husbandias
1792 1717 1842 1758 et
1866 1711 2112 1757 dimidiam
2138 1717 2265 1758 terre
2288 1710 2549 1759 husbandie
2573 1729 2683 1761 cum
2992 1698 2994 1705 ¹

907 1807 1086 1854 boreali
1120 1812 1257 1867 prato
1293 1811 1342 1852 et
1376 1803 1436 1851 lie
1468 1803 1554 1851 law
1589 1802 1768 1850 eisdem
1802 1801 2156 1863 pertinentibus
2183 1802 2404 1863 jacentes
2438 1804 2499 1850 ad
2530 1805 2685 1851 orien-

908 1898 1058 1944 talem
1094 1902 1281 1957 partem
1322 1902 1557 1941 terrarum
1599 1894 1658 1939 de
1695 1892 2031 1953 Temptalloun
2070 1893 2344 1953 incipiendo
2372 1894 2433 1940 ad
2466 1909 2598 1941 mare
2633 1901 2684 1942 et

909 1987 1206 2036 ascendendo
1230 1986 1527 2032 orientaliter
1548 1989 1690 2046 prout
1713 1988 1844 2029 mete
1880 1983 1940 2028 de
1974 1982 2314 2044 Temptalloun
2348 1983 2599 2031 transeunt
2633 1992 2684 2032 et

911 2078 1083 2125 abhinc
1107 2073 1376 2122 australiter
1407 2081 1457 2122 et
1491 2073 1790 2120 orientaliter
1824 2071 1944 2120 ficut
1977 2079 2105 2120 terre
2140 2075 2199 2120 de
2235 2073 2451 2122 Leuchin
2486 2074 2684 2123 Andree

911 2165 1213 2215 Johnestoun
1248 2167 1307 2212 de
1344 2164 1665 2227 Elphinstoun
1695 2165 1993 2226 pertinentes
2017 2164 2202 2210 ducunt
2237 2170 2288 2210 et
2312 2164 2485 2212 abhinc
2509 2164 2685 2213 austra-

912 2260 1025 2307 liter
1062 2257 1182 2305 ficut
1222 2263 1353 2304 mete
1389 2263 1623 2302 terrarum
1667 2256 1726 2301 de
1766 2254 1983 2316 Balgone
2020 2253 2236 2301 Roberto
2273 2253 2465 2301 Lauder
2499 2256 2558 2302 de
2592 2255 2695 2303 Bas

910 2350 1256 2412 pertinentium
1293 2345 1541 2394 transeunt
1577 2352 1627 2392 et
1661 2346 1721 2392 ab
1754 2345 1845 2391 hac
1879 2343 2242 2390 occidentaliter
2274 2352 2418 2405 prout
2451 2351 2579 2392 terre
2624 2347 2684 2392 de

913 2439 1124 2486 Hiefield
1143 2439 1440 2499 pertinentes
1460 2436 1668 2498 Georgio
1692 2434 1907 2482 Sinclare
1927 2434 1986 2480 de
2006 2433 2219 2480 Hiefield
2238 2434 2421 2481 ducunt
2439 2440 2490 2481 et
2513 2435 2685 2482 abhinc
2983 2496 2994 2506 .

915 2529 1173 2575 borealiter
1196 2534 1247 2574 et
1271 2526 1540 2574 australiter
1564 2524 1783 2572 deorsum
1806 2524 2117 2571 carbofodinii
2135 2529 2398 2571 torrentem
2414 2521 2534 2571 ficut
2558 2531 2686 2572 terre
2787 2590 2790 2594 ι
2983 2503 3007 2601 ἕξ*

918 2621 976 2666 de
1023 2618 1305 2680 Hardriggis
1351 2617 1650 2678 pertinentes
1695 2615 1906 2662 Johanni
1942 2612 2270 2676 Levingstoun
2304 2615 2364 2661 de
2416 2614 2686 2662 Saltcoittis
2982 2592 2997 2615 ᾖ

917 2707 1166 2756 transeunt
1201 2714 1250 2754 et
1285 2707 1458 2754 abhinc
1491 2705 1750 2752 borealiter
1784 2710 1834 2751 et
1868 2687 2136 2751 australiter
2170 2702 2291 2751 ficut
2320 2702 2539 2766 stagnum
2561 2707 2686 2766 prati

921 2815 1029 2846 cum
1054 2797 1274 2845 orientali
1297 2793 1411 2842 foffa
1434 2796 1493 2842 de
1515 2793 1574 2841 lie
1590 2793 1744 2856 ferme
1777 2793 1947 2841 ailceris
1981 2808 2096 2854 quas
2134 2791 2376 2840 Robertus
2411 2793 2603 2841 Lauder
2625 2794 2685 2842 de

920 2887 1022 2936 Bas
1057 2889 1116 2935 de
1161 2887 1297 2934 nobis
1337 2887 1387 2932 in
1423 2882 1712 2943 affedatione
1747 2884 1894 2931 habet
1938 2883 2107 2931 tranfit
2153 2889 2204 2930 et
2248 2883 2422 2931 abhinc
2467 2883 2684 2932 deorsum

922 2977 1218 3025 occidentale
1252 2976 1379 3023 latus
1415 2975 1475 3022 de
1508 2974 1568 3022 lie
1600 2973 1748 3038 mylae
1775 2974 1906 3038 dams
1939 2975 2000 3021 ad
2033 2990 2165 3022 mare
2199 2990 2309 3022 cum
2337 2974 2558 3039 omnibus
2579 2990 2684 3036 per.-
