2872 3892
1079 385 1378 434 TABULA.
1961 392 2114 437 xxxiii

482 527 519 563 3.
548 522 588 561 A
606 521 719 563 ernau
734 519 824 568 seul,
845 532 869 558 a.
885 518 1010 559 shield.
1025 518 1071 558 of
1089 529 1216 563 arms3
1242 529 1267 556 a
1283 516 1472 557 cheveron
1494 516 1668 557 between
1685 518 1791 558 three
1809 531 1910 558 eroes
1928 521 2114 566 crosslets,

429 592 555 632 fichee.

800 671 832 698 8.
851 668 1049 696 munnam
1067 668 1171 718 11'11213
1191 667 1379 695 ROLANDI
1398 668 1453 695 DE
1471 668 1636 696 omme.

391 793 468 838 23.
505 787 664 836 David
688 786 848 834 Cissor
869 785 1123 847 burgensis
1147 785 1208 832 de
1233 783 1643 847 Suthberewyche
1671 786 1912 847 promittit
1935 787 2118 835 solvere

324 895 539 928 annuum
570 880 783 945 reditum
814 878 957 927 unius
992 892 1153 924 marce
1178 877 1238 923 de
1263 882 1392 923 terra
1414 877 1464 922 in
1490 875 1605 923 villa
1628 876 1688 923 de
1712 875 2119 940 Suthberewyche

326 988 387 1019 ex
426 969 687 1032 aquilonali
727 969 952 1016 cimiterii
992 967 1196 1015 ecclesie
1237 965 1285 1013 S.
1330 965 1571 1014 Nicholai.
1642 967 1791 1028 Apud
1839 967 2119 1031 Edinburgh

234 1120 244 1128 ⁶
327 1063 516 1110 Mensis
540 1060 824 1109 Decembris
849 1059 926 1106 die
952 1062 996 1114 4,
1026 1062 1167 1110 1287.

490 1150 667 1202 Original
695 1153 737 1188 at
761 1148 966 1187 Panmure.
1022 1147 1122 1186 Part
1137 1147 1180 1186 of
1202 1147 1268 1186 the
1286 1146 1365 1185 seal
1392 1146 1710 1196 remains-—ovah
1729 1148 1806 1186 and
1830 1148 1909 1188 like
1927 1163 1951 1187 a
1970 1149 2122 1188 Church

436 1221 527 1260 soal.

876 1316 885 1325 .
908 1299 927 1326 S
942 1316 952 1326 .
973 1299 1102 1325 DAVIT
1121 1298 1226 1325 FILII
1245 1298 1302 1324 WI
1333 1315 1579 1325 .......

398 1402 475 1445 24.
511 1397 557 1445 J.
607 1396 744 1443 Prior
803 1395 852 1442 S.
901 1394 1099 1441 Andree
1153 1395 1404 1442 confirmat
1450 1394 1817 1441 ratificationem
1885 1396 2123 1443 Willelmi

333 1490 533 1551 Frayser
573 1487 801 1549 Episcopi
838 1485 889 1532 S.
925 1485 1138 1540 Andree,
1169 1500 1311 1546 super
1349 1486 1562 1532 ecclesiis
1593 1487 1644 1531 in
1682 1486 1857 1532 diocesi
1898 1502 1994 1541 sua,
2036 1489 2124 1533 viz.

333 1579 640 1634 Kilconcath‚
668 1576 887 1639 Largach
923 1581 973 1622 et
1008 1575 1364 1631 Northberwic,
1391 1577 1553 1623 datam
1578 1578 1704 1638 apud
1734 1576 1939 1623 Fontem
1965 1578 2127 1624 Scotie

334 1672 411 1718 die
447 1670 685 1717 dominica
714 1669 936 1730 proxima
966 1674 1076 1729 post
1108 1668 1289 1715 festum
1327 1668 1459 1714 beati
1497 1667 1718 1714 Barnabe
1742 1668 1958 1729 apostoli,
1988 1672 2127 1718 1293.

334 1762 710 1815 Confirmatione
749 1760 863 1806 data
902 1760 1030 1821 apud
1083 1759 1132 1806 S.
1174 1758 1424 1806 Andream
1461 1760 1512 1805 in
1555 1760 1679 1806 festo
1720 1759 1755 1805 S
1797 1759 1845 1805 S.
1885 1757 2037 1806 Marci
2078 1767 2129 1806 et

337 1853 642 1901 Marcelliani
667 1856 950 1912 martyrum,
979 1853 1120 1900 1293.

499 1942 676 1993 Original
690 1946 732 1980 at
751 1941 1007 1979 Marchmont.

407 2043 483 2086 25.
521 2038 805 2084 Willelmus
847 2051 1009 2084 comes
1051 2037 1111 2082 de
1150 2035 1366 2099 Douglas
1406 2039 1649 2098 promittit
1687 2053 1736 2084 se
1782 2038 2133 2099 resignatumm

340 2131 616 2178 libertatem
646 2134 815 2190 portus
839 2134 890 2175 et
914 2133 1136 2174 custume
1161 2129 1221 2174 de
1246 2128 1628 2176 North-Berwik
1652 2147 1679 2176 a
1703 2129 1837 2191 Rege
1862 2143 2133 2175 concessam

341 2223 722 2284 quandocunque
766 2222 922 2267 visum
969 2221 1115 2266 fuerit
1162 2219 1286 2282 Regi
1328 2222 1455 2280 quod
1498 2223 1738 2268 concessio
1794 2222 1860 2267 sic
1907 2221 2033 2266 facta
2073 2221 2134 2265 sit

343 2315 605 2375 dampnosa
629 2313 752 2374 Regi
778 2317 863 2358 aut
887 2311 1224 2357 communitati
1249 2326 1346 2358 sue.
1417 2310 1599 2371 Aprilis
1624 2312 1699 2364 26,
1729 2314 1868 2361 1373.

506 2401 679 2453 Original
701 2405 742 2440 at
766 2401 970 2440 Panmure.

413 2500 489 2546 26.
527 2497 777 2544 Gilbertus
811 2495 1006 2543 Kenedi
1037 2496 1219 2558 obligat
1252 2511 1302 2542 se
1335 2497 1385 2541 in
1412 2497 1473 2543 26
1506 2495 1638 2542 libris
1669 2511 1754 2556 pro
1777 2495 1914 2540 firma
1937 2494 2136 2540 ecclesie

346 2591 406 2636 de
439 2588 671 2649 Maboyle
701 2589 760 2634 de
789 2589 944 2635 tribus
972 2589 1140 2642 annis3
1177 2587 1359 2634 Jacobo
1385 2587 1444 2632 de
1481 2586 1695 2648 Douglas
1721 2586 1912 2631 domino
1938 2585 1997 2630 de
2022 2584 2137 2630 Dal-

346 2681 484 2727 keith
508 2681 666 2742 plegio
692 2680 807 2741 ejuS.
879 2680 1029 2741 Apud
1054 2679 1350 2739 Edinburgh,
1377 2681 1440 2724 24
1462 2678 1595 2731 Julii,
1625 2678 1764 2724 1386.

510 2778 684 2828 Original
704 2782 744 2816 at
764 2777 967 2816 Panmure.

513 2853 546 2886 1.
588 2847 670 2887 ΤΙιθ
698 2848 776 2887 seal
804 2848 848 2887 of
875 2847 1082 2898 Kennedy,
1112 2860 1136 2884 a.
1162 2846 1352 2896 fragment
1380 2846 1421 2883 of
1445 2845 1567 2883 which
1596 2845 1688 2895 only
1714 2844 1746 2882 is
1773 2843 1985 2895 preserved,
2015 2842 2090 2880 had
2117 2856 2141 2880 a.

455 2918 576 2957 shield
595 2918 638 2956 of
652 2931 753 2956 arms
770 2918 989 2957 conche—a
1007 2917 1194 2956 cheveron
1213 2916 1384 2954 between
1403 2915 1508 2953 three
1529 2927 1629 2952 cross
1648 2913 1819 2952 crosslets
1845 2913 1968 2960 liches,
1989 2911 2139 2950 bruised

457 2987 551 3025 with
580 3001 604 3025 a
632 2987 732 3026 label
760 2988 803 3026 of
835 2988 942 3026 three
970 2986 1107 3037 points.
1177 2985 1257 3024 The
1285 2985 1436 3023 sinister
1464 2989 1661 3035 supporter
1688 2997 1711 3021 a
1737 2983 1827 3030 lion,
1856 2983 1920 3021 the
1947 2986 2046 3020 crest
2073 2985 2139 3018 not

458 3057 784 3108 distinguishable.

1239 3126 1261 3155 θ
