3016 3984
364 426 672 490 APPENDIX.]
920 426 1015 475 DE
1050 425 1590 475 NORTHBERWIC.
2084 430 2144 477 59

361 522 696 607 Dunkelden'fi
728 573 784 606 ac
811 557 1002 606 officiali
1031 557 1195 605 Sancti
1228 555 1428 604 Andree
1461 572 1547 619 pro
1582 557 1908 605 confirmanda
1941 558 2109 604 eadem
2132 583 2142 594 ·

360 649 516 696 Rome
538 650 571 711 ij
595 648 709 696 Kal.
734 647 869 711 Sept.
892 647 1203 717 pontificatus
1227 647 1368 695 Pauli
1391 660 1455 694 111
1480 673 1491 684 ·
1515 662 1641 694 anno
1664 646 1802 695 sexto
1827 674 1837 684 ·

265 921 340 964 10.
359 921 673 969 Confirmatio
719 922 953 969 dictorum
998 918 1420 969 commiffariorum
1466 921 1580 969 data
1626 921 1687 969 26
1724 919 1969 980 Februarij
2015 922 2140 966 1540

359 1009 619 1084 secundum
643 1011 831 1059 cursum
856 1018 906 1061 et
930 1012 1341 1074 computationem
1366 1009 1580 1059 Ecclefie
1604 1010 1858 1059 Scoticane
1883 1038 1893 1049 ·

358 1283 504 1331 Carta
526 1282 732 1331 Isobelle
767 1283 935 1330 Hume
968 1281 1180 1345 priorisse
1214 1290 1265 1332 et
1300 1285 1579 1349 Margarete
1614 1285 1781 1333 Hume
1815 1285 1965 1332 eleae
2001 1282 2140 1345 super

358 1375 544 1420 duobus
567 1374 856 1421 molendinis
881 1375 941 1420 de
967 1374 1314 1423 Northberwik
1337 1398 1349 1410 ·

261 1558 335 1600 11.
356 1556 568 1604 Domina
591 1556 797 1604 Isobella
822 1557 988 1604 Hume
1021 1554 1234 1618 priorissa
1265 1553 1541 1603 monasterii
1563 1557 1844 1604 monialium
1871 1559 1930 1605 de
1956 1557 2139 1604 North-

354 1647 538 1694 berwik
574 1661 590 1694 s
627 1647 821 1694 domina
867 1647 1146 1709 Margareta
1180 1647 1346 1693 Hume
1381 1647 1441 1693 ad
1481 1647 1656 1694 dictam
1703 1649 1945 1695 abbatiam
1979 1647 2139 1709 postu-

354 1739 453 1785 lata
489 1737 569 1785 seu
610 1738 762 1784 eleaa
808 1744 860 1784 et
903 1736 1113 1799 ejusdem
1153 1737 1247 1785 loci
1294 1743 1561 1784 conventus
1600 1740 1779 1786 ordinis
1816 1736 2139 1787 Cistercienfis

355 1856 365 1866 ·
412 1854 423 1866 ·
464 1856 475 1866 -
512 1829 763 1876 Noveritis
797 1844 885 1876 nos
920 1831 979 1876 ad
1009 1828 1329 1876 feudifirmam
1363 1827 1446 1875 seu
1481 1827 1814 1890 emphiteosim
1849 1831 2136 1876 hereditarie

355 1920 601 1966 dimittere
626 1947 636 1956 ·
734 1918 1017 1966 Alexandro
1053 1918 1221 1966 Hume
1255 1919 1354 1964 filio
1391 1919 1632 1978 quondam
1667 1919 1935 1966 Alexandri
1971 1919 2136 1966 Hume

355 2010 415 2057 de
457 2010 668 2057 Polwart
709 2010 964 2056 heredibus
1005 2008 1099 2056 suis
1135 2016 1186 2056 et
1227 2006 1469 2070 affignatis
1500 2034 1510 2045 ·
1543 2034 1553 2044 ·
1587 2035 1597 2045 ·
1629 2010 1722 2055 duo
1760 2009 2037 2057 molendina
2077 2011 2136 2056 de

356 2099 733 2146 Northberwick
772 2115 881 2146 cum
917 2100 1143 2146 multuris
1171 2125 1182 2136 ·
1208 2126 1218 2136 ·
1245 2127 1254 2136 ·
1280 2100 1420 2145 terris
1455 2098 1814 2146 molendinariis
1847 2104 2137 2162 nuncupatis

354 2189 424 2237 the
450 2189 574 2253 myln
597 2189 714 2254 croft
737 2216 747 2227 ·
772 2217 782 2227 ·
810 2218 819 2228 ·
846 2206 875 2236 a
896 2196 1034 2251 prato
1069 2189 1229 2236 nostro
1256 2191 1453 2251 jacente
1489 2205 1551 2235 ex
1585 2196 1721 2250 parte
1755 2191 1934 2238 boreali
1958 2195 2137 2239 montis

355 2282 621 2342 nuncupati
653 2280 1106 2342 Northberwyklaw
1141 2281 1201 2326 ad
1236 2282 1362 2327 di&a
1395 2280 1671 2327 molendina
1693 2306 1703 2317 ·
1729 2308 1739 2318 ·
1767 2308 1776 2318 ·
1802 2298 1912 2328 cum
1946 2281 2137 2343 pastura

355 2379 560 2433 quatuor
583 2371 874 2419 summarum
903 2373 1183 2419 animalium
1218 2370 1357 2432 super
1394 2372 1533 2418 terris
1567 2368 1739 2418 nostris
1774 2373 2137 2420 dominicalibus

355 2464 415 2510 de
455 2462 817 2524 Northberwyk
853 2488 899 2500 ··
924 2489 934 2499 ·
960 2479 1149 2510 necnon
1184 2468 1339 2509 totam
1374 2468 1425 2507 et
1459 2462 1699 2523 integram
1738 2460 1948 2508 nostram
1989 2479 2134 2510 unam

355 2561 534 2599 terram
557 2550 871 2600 husbandiam
886 2554 1134 2614 jacentem
1168 2553 1220 2598 in
1254 2552 1370 2599 villa
1403 2558 1453 2599 et
1487 2553 1728 2599 territorio
1764 2553 1823 2599 de
1857 2553 2135 2615 Beynstoun

356 2659 501 2705 quam
537 2645 778 2704 quondam
823 2644 1029 2691 Thomas
1063 2642 1236 2705 Angus
1272 2643 1332 2689 de
1367 2642 1555 2705 Hoprig
1587 2643 1718 2703 prius
1752 2644 1803 2689 in
1848 2641 2135 2692 affedatione

356 2735 525 2782 habuit
561 2760 571 2772 ·
598 2761 608 2771 ·
637 2760 647 2771 ·
674 2733 940 2781 Reddendo
976 2735 1082 2780 octo
1116 2749 1299 2780 marcas
1333 2740 1529 2780 monete
1564 2739 1615 2780 et
1650 2734 1900 2781 duodecim
1926 2734 1988 2782 lie
2022 2751 2137 2799 cayn

340 2824 502 2889 fowlz's
535 2840 724 2872 necnon
757 2841 844 2886 pro
877 2823 1140 2871 husbandia
1173 2825 1234 2871 de
1268 2822 1547 2886 Beynstoun
1584 2825 1698 2885 xxvj
1735 2825 1760 2871 ἔ
1779 2850 1789 2861 ·
1815 2826 1894 2886 viij
1921 2852 1931 2862 ·
1957 2824 1991 2871 d
2014 2853 2024 2863 ·
2051 2853 2062 2863 ·
2090 2853 2100 2864 -
2125 2852 2134 2863 ·

355 2915 416 2961 In
439 2916 574 2977 cujus
608 2917 678 2962 rei
713 2914 1043 2962 testimonium
1077 2912 1285 2976 figillum
1321 2930 1576 2962 commune
1611 2915 1809 2976 capituli
1844 2916 1955 2962 dieti
1990 2915 2135 2964 nostri

355 3004 629 3054 monasterii
673 3006 786 3053 huic
820 3003 1029 3067 presenti
1064 3011 1194 3053 carte
1228 3003 1385 3052 nostre
1419 3005 1640 3072 manibus
1674 3003 1844 3052 nostris
1878 3003 2136 3068 subscripte
