3016 3984
911 417 973 460 82
1326 455 1329 459 .
1383 408 1916 459 TRANSACTIONS
1944 408 2026 456 IN
2059 407 2198 456 THE
2373 408 2674 472 [Arrnnmx.

817 637 894 685 47.
913 633 1029 682 Dec.
1057 638 1078 679 1
1088 637 1131 689 9,
1158 637 1180 679 1
1191 634 1280 682 561
1308 657 1320 671 ·
1347 630 1528 703 Capella
1545 631 1599 679 de
1614 629 1824 679 Dirleton
1840 645 1939 678 oum
1953 630 2088 677 terris
2100 629 2155 678 de
2170 627 2364 694 Coro-eye
2376 627 2673 676 had—Per-

803 756 811 764 ·
911 724 1136 771 sonaliter
1152 720 1439 770 constitutus
1454 721 1695 768 Henrieus
1712 719 1977 769 Nioolsoun
1991 723 2262 769 a&ornatus
2277 720 2458 768 domini
2473 718 2674 766 Roberti

823 1892 899 1935 48.

910 811 1143 860 Hoistlair
1163 810 1404 859 seruitoris
1428 813 1610 858 domini
1633 812 1694 858 de
1729 811 1963 859 Ruthven
1984 811 2177 859 ‘habens
2210 816 2492 873 preceptum
2525 806 2673 856 safine

904 905 1045 951 ouius
1081 909 1221 949 tenor
1254 900 1468 962 sequitur
1505 900 1742 948 Patricius
1778 902 1999 947 dominus
2030 902 2090 948 de
2125 900 2356 954 Ruthven
2380 925 2392 938 ·
2415 925 2427 937 ·
2452 925 2470 937 ..
2487 899 2675 946 ballivis

910 995 1029 1040 meis
1063 994 1114 1038 in
1149 992 1239 1038 hae
1278 997 1416 1052 parte
1460 990 1729 1051 specialiter
1768 988 2039 1038 constitutis
2079 990 2206 1046 Quia
2239 992 2350 1037 dedi
2383 997 2434 1037 et
2473 986 2675 1038 oonoeffi

911 1082 1113 1130 discreto
1150 1082 1250 1127 viro
1289 1081 1482 1126 domino
1523 1080 1738 1126 Roberto
1773 1079 2005 1128 Hoistlair
2037 1079 2296 1142 presbitero
2335 1097 2421 1142 pro
2459 1087 2677 1141 tempore

911 1174 1012 1220 vite
1034 1172 1115 1219 sue
1138 1168 1483 1233 preposituram
1507 1170 1691 1232 capelle
1715 1171 1774 1216 de
1803 1170 2047 1232 Dyrltoun
2069 1186 2216 1232 prope
2239 1168 2444 1218 castrum
2466 1168 2676 1216 eiusdem

910 1260 1083 1309 fituate
1127 1277 1257 1307 nuno
1302 1266 1554 1307 vacantem
1587 1275 1674 1321 per
1707 1266 1912 1306 mortem
1946 1261 2187 1321 quondam
2220 1258 2432 1322 magistri
2476 1258 2677 1306 Roberti

912 1352 1221 1414 Hoppringill
1262 1351 1418 1398 vltimi
1458 1349 1684 1412 prepofiti
1730 1357 1780 1397 et
1824 1347 2080 1412 pofl'efl'or'is
2125 1347 2338 1396 eiusdem
2383 1363 2494 1396 cum
2538 1349 2678 1395 terris

911 1441 1123 1489 eiusdem
1147 1441 1292 1503 vulgo
1325 1443 1614 1502 nuncupatis
1646 1441 1853 1504 Correge
1884 1442 1995 1488 heid
2018 1448 2069 1488 et
2103 1439 2196 1487 suis
2232 1440 2540 1502 pertinenciis
2574 1466 2584 1475 ·
2622 1466 2633 1476 ·
2669 1465 2679 1474 ·

913 1531 1069 1579 Vobis
1091 1532 1240 1593 igitur
1261 1532 1436 1578 mando
1455 1533 1682 1592 quatinus
1706 1558 1716 1568 ·
1742 1558 1753 1569 ·
1779 1557 1790 1569 ·
1815 1529 2013 1579 safinam
2036 1532 2354 1596 prediqfftarum
2367 1536 2600 1576 terrarum
2618 1529 2678 1575 de

913 1621 1110 1683 Correig
1131 1622 1246 1667 heid
1269 1647 1280 1658 ·
1305 1647 1317 1658 ·
1343 1646 1355 1658 ·
1379 1621 1594 1682 predicito
1618 1621 1812 1669 domino
1847 1622 2062 1669 Roberto
2085 1647 2096 1659 ·
2123 1648 2135 1659 ·
2159 1648 2171 1658 ·
2196 1620 2471 1668 deliberetis
2494 1645 2505 1658 ·
2528 1620 2677 1682 Apud

914 1712 1064 1758 Perth
1090 1716 1118 1762 9
1143 1710 1249 1758 Deo
1272 1737 1282 1748 ·
1315 1712 1434 1758 1561
1464 1737 1475 1748 ·

915 1890 1094 1939 Illarcii
1118 1896 1194 1947 28,
1231 1893 1355 1939 1562
1382 1919 1393 1930 ·
1419 1891 1573 1939 Dame
1607 1892 1847 1957 Mar-qarob
1865 1891 2058 1941 Howme
2091 1894 2183 1940 and
2213 1892 2382 1941 Bobert
2407 1893 2600 1941 Lawder
2629 1895 2692 1957 of

916 1980 987 2028 tlte
1007 1979 1219 2028 Bas.-J
1222 1982 1433 2028 ohannes
1457 1982 1611 2043 Balge
1634 1983 1760 2029 filius
1793 1984 2024 2030 naturalis
2059 1985 2299 2044 quondam
2331 1982 2542 2046 magistri
2564 1984 2681 2032 Bar-

917 2072 1051 2118 nardi
1075 2071 1262 2132 Baillye
1278 2072 1475 2118 deuenit
1498 2071 1736 2119 fideiussor
1759 2080 1810 2120 et
1828 2075 2148 2122 cautionarius
2167 2090 2222 2121 ao
2246 2075 2435 2121 debitor
2456 2074 2606 2121 nobili
2629 2082 2681 2122 et

915 2163 1105 2222 potenti
1137 2163 1239 2208 viro
1272 2161 1487 2209 Roberto
1512 2162 1705 2209 Lauder
1728 2164 1788 2210 de
1822 2163 1919 2210 Bas
1942 2179 2027 2225 pro
2061 2162 2244 2210 summa
2277 2170 2473 2210 eentum
2507 2179 2679 2212 novem

916 2252 1146 2298 librarum
1204 2257 1254 2298 et
1305 2258 1511 2313 quatuor
1557 2251 1814 2300 solidorum
1870 2250 1957 2299 fibi
2003 2254 2171 2300 deben’
2223 2269 2311 2315 per
2359 2255 2679 2301 venerabilem

918 2341 1161 2386 dominam
1202 2339 1532 2402 Margaretam
1567 2340 1773 2389 Howme
1807 2339 2065 2406 prioriffam
2098 2341 2370 2391 monasterii
2393 2344 2452 2390 de
2476 2344 2683 2392 Northt-

916 2430 1114 2491 berwyk
1147 2446 1291 2491 quam
1332 2431 1527 2491 quidem
1563 2429 1799 2478 summam
1832 2437 2029 2479 eentum
2067 2439 2118 2479 et
2157 2449 2330 2480 novem
2369 2433 2598 2482 librarum
2631 2445 2681 2483 et

919 2525 1125 2580 quatuor
1142 2519 1399 2566 solidorum
1422 2520 1691 2568 antedfflms
1710 2521 1742 2567 J
1745 2522 1955 2570 ohannes
1978 2523 2148 2585 Ballye
2170 2525 2410 2585 promittit
2427 2530 2477 2572 et
2501 2526 2681 2589 obligat

920 2609 967 2655 se
991 2610 1052 2656 ad
1085 2608 1464 2656 satiffaoiendum
1503 2616 1555 2656 et
1590 2609 1954 2671 persolvendum
1988 2614 2113 2661 (11ἃο
2147 2613 2361 2661 Roberto
2396 2614 2587 2662 Lauder
2622 2618 2682 2664 de

919 2698 1015 2746 Bas
1038 2699 1292 2746 heredibus
1315 2697 1409 2746 suis
1433 2706 1484 2746 et
1507 2697 1748 2763 affignatis
1770 2703 1895 2750 infra
1925 2702 2131 2764 spatium
2165 2705 2477 2767 quadraginta
2498 2706 2682 2755 dierum

918 2790 1136 2850 proxime
1181 2794 1233 2836 et
1262 2790 1543 2838 immediate
1585 2789 1884 2852 sequentium
1925 2790 2162 2840 deoefl'um
2206 2792 2287 2841 seu
2331 2795 2517 2842 obitum
2557 2796 2681 2845 (11ἃο

918 2877 1128 2940 prioriffe
1145 2895 1231 2941 per
1248 2880 1418 2927 dextre
1436 2895 1607 2928 manus
1624 2879 1706 2930 sue
1724 2884 2055 2931 extentionem
2073 2885 2294 2932 omnibus
2311 2885 2486 2932 exinde
2503 2886 2612 2933 dolo
2630 2895 2681 2935 et

920 2969 1087 3016 fraude
1110 2969 1283 3017 deletis
1306 2975 1357 3017 et
1378 2968 1569 3018 seolufis
1584 2997 1594 3007 ·
